2044 3491
286 223 344 273 46
657 230 829 262 DUCHY
861 229 922 261 OF
955 228 1246 261 LANCASTER
1279 226 1514 259 RECORDS.

286 330 350 369 vill
392 330 443 369 de
483 328 652 368 Erniclif
685 326 918 381 [Arncliffe]‚
961 329 1161 366 Robertus
1209 328 1260 367 de
1309 327 1512 375 Staynton,
1562 323 1780 363 Willelmus
1827 324 1879 363 de

288 395 509 444 Wylardby,
550 395 750 433 Robertus
796 394 994 443 Wymark,
1043 393 1259 431 Willelmus
1308 392 1514 430 Bedeman
1562 388 1596 442 [?
1625 387 1876 440 Wodemanl,

288 459 506 498 Willelmus
545 459 707 506 Archer,
748 459 898 496 Alanus
939 458 1093 496 Pecche
1137 456 1282 506 junior,
1322 456 1540 494 Willelmus
1586 454 1687 492 filius
1726 453 1880 492 domini

287 522 504 561 Alexandri
551 522 602 560 de
650 523 783 570 Percy,
836 522 1036 560 Robertus
1084 523 1135 560 de
1173 522 1305 568 Seton,
1347 521 1550 570 Johannes
1598 520 1649 557 de
1688 519 1878 566 Stokesle‚

289 589 489 625 Robertus
511 586 648 633 Balde,
662 586 883 624 Willelmus
904 588 954 625 de
978 588 1114 633 Eston,
1132 585 1348 624 Willelmus
1365 587 1400 623 T
1403 585 1643 634 ouehepryk,
1661 583 1880 622 Willelmus

288 653 339 691 de
374 654 614 702 Hagerston,
637 650 854 689 Willelmus
890 652 939 689 de
976 652 1165 696 Brokton‚
1189 651 1366 688 Thomas
1401 650 1452 688 de
1483 651 1520 687 la
1543 650 1656 695 Dale,
1680 649 1880 686 Robertus

289 716 457 762 Pecche,
494 715 711 753 Willelmus
751 716 855 753 User
899 713 1079 767 [Usher],
1111 714 1328 752 Willelmus
1369 716 1541 751 Parcour
1579 714 1630 751 de
1661 702 1878 762 Mulgreve‚

288 781 492 830 Johannes
515 780 749 826 Redheved,
770 780 987 818 VVillelmus
1009 781 1149 827 Wyles,
1174 780 1374 817 Robertus
1404 779 1454 816 de
1478 778 1616 815 Lelum
1639 774 1879 828 [Lealholm]

286 845 430 894 junior,
467 845 598 882 Adam
633 845 683 882 de
718 845 980 890 Lounesdale,
1018 844 1235 881 Willelmus
1271 856 1390 880 cocus
1426 843 1585 879 Thome
1619 842 1670 879 de
1705 841 1877 889 Maulay,

289 911 471 958 Rogerus
500 910 551 947 de
576 909 692 955 .Hu11‚
716 909 940 959 Stephanus
962 908 1061 946 filius
1092 907 1253 945 Ricardi
1289 908 1338 945 de
1361 908 1568 952 Eskedale‚
1592 906 1795 955 Johannes
1830 906 1880 943 de

290 975 526 1019 Landemot‚
549 975 742 1011 Walterus
764 976 954 1021 Daysum,
976 971 1169 1009 Ricardus
1190 971 1366 1008 Taillour
1386 971 1436 1008 de
1458 969 1652 1019 Whiteby,
1676 969 1880 1018 J-ohannes

288 1040 338 1077 de
356 1039 508 1083 Lelum,
526 1035 666 1089 [269b]
684 1039 888 1086 Johannes
903 1037 953 1074 de
976 1038 1168 1082 Morsum,
1187 1036 1406 1073 Willelmus
1425 1037 1619 1084 Latymer,
1640 1031 1879 1082 Radulphus
1896 1039 1903 1043 “

290 1104 341 1142 (16
372 1105 565 1152 Hastyng‚
589 1103 765 1140 Thomas
788 1103 838 1140 de
862 1101 1053 1146 Metharn,
1075 1101 1281 1149 Johannes
1316 1101 1367 1138 de
1400 1101 1554 1146 Sutton,
1578 1099 1795 1136 VVillelmus
1831 1099 1882 1137 de
1952 1134 1956 1139 .

293 1169 438 1206 Sancto
479 1166 686 1216 QuintinQ
726 1167 930 1216 Johannes
969 1166 1019 1203 de
1068 1165 1260 1211 Metham,
1312 1165 1510 1202 Robertus
1557 1165 1608 1202 de
1655 1162 1880 1210 Saltm'ersh,

293 1234 530 1272 Edmundus
548 1234 597 1271 de
615 1234 811 1281 Boynton,
831 1232 1007 1269 Thomas
1023 1230 1125 1268 filius
1142 1231 1300 1268 Thome
1317 1231 1366 1268 de
1385 1230 1593 1276 Bouelton,
1611 1229 1814 1278 Johannes
1831 1229 1881 1266 de

291 1299 449 1336 Malton
478 1295 793 1345 consanguineus
822 1295 1016 1344 Johannis
1049 1297 1204 1344 Moryn,
1228 1294 1445 1333 lVillehnus
1467 1296 1664 1340 Toueton,
1687 1294 1881 1331 W’alterus

291 1370 330 1402 et
351 1363 553 1412 Johannes
575 1362 625 1399 de
647 1362 867 1410 Dyngelby‚
890 1361 1093 1409 Johannes
1126 1361 1281 1409 Moryn,
1306 1361 1487 1408 Rogerus
1518 1359 1671 1407 Sturdy,
1704 1359 1881 1396 Thomas

291 1430 341 1468 (16
378 1428 625 1477 Hipersvvell,
663 1427 862 1464 Robertus
895 1425 997 1463 filius
1032 1424 1214 1472 Simonis,
1253 1425 1457 1474 Johannes
1493 1422 1708 1472 Styrkhird,
1745 1424 1882 1461 Petrus

291 1493 394 1531 filius
431 1491 607 1539 Henrici,
644 1493 781 1529 Petrus
816 1491 977 1538 Maulay
999 1488 1138 1536 senior,
1161 1496 1325 1527 venator
1357 1488 1551 1538 Johannis
1586 1488 1637 1526 de
1658 1488 1813 1526 Yeland
1844 1494 1882 1525 et

292 1557 528 1607 Radulphus
561 1559 676 1593 frater
709 1556 806 1603 ejus,
841 1555 1044 1604 Johannes
1082 1553 1270 1591 Valiaunt
1320 1553 1559 1601 capellanus,
1602 1551 1739 1590 Simon
1779 1550 1881 1588 filius

291 1622 410 1662 Alani
430 1624 480 1661 de
501 1621 787 1670 Scardeburgh,
811 1620 1035 1657 Alexander
1055 1619 1106 1656 de
1128 1618 1267 1667 Bergh.
1292 1619 1429 1655 Petrus
1461 1617 1512 1654 de
1544 1616 1684 1654 Rither
1712 1629 1883 1665 persona

289 1686 457 1725 ecclesie
489 1686 540 1724 de
571 1685 749 1733 Kirkeby
772 1683 1005 1733 Misperton‚
1027 1683 1212 1722 dominus
1233 1682 1451 1721 Willelmus
1484 1684 1638 1731 Persay,
1662 1681 1880 1719 Willelrnus

290 1754 401 1798 Brus,
433 1751 636 1800 Johannes
667 1749 716 1786 de
747 1748 950 1797 Pikeryng,
982 1748 1200 1786 Willelmus
1230 1747 1332 1785 filius
1365 1745 1572 1785 Edmundi
1608 1746 1659 1784 de
1683 1747 1878 1795 Hastyng,

292 1818 416 1865 Hugo
455 1815 505 1853 de
544 1814 709 1862 Yeland,
752 1815 876 1863 Hugo
915 1814 965 1851 de
1006 1812 1147 1860 Nevill,
1189 1812 1425 1861 Radulphus
1463 1813 1656 1860 Hastyng,
1694 1810 1880 1849 dominus

290 1881 509 1918 Willelmus
527 1880 678 1927 Playce,
697 1877 883 1916 dominus
898 1877 1096 1916 Gilbertus
1113 1878 1163 1915 de
1177 1879 1296 1924 Aton,
1313 1876 1533 1914 Willelmus
1549 1876 1688 1921 Barde,
1704 1876 1882 1913 Thomas

290 1947 396 1992 Bret,
435 1944 651 1981 Willelmus
691 1943 801 1980 Belle
840 1943 1079 1992 capellanus,
1122 1943 1320 1980 Robertus
1361 1943 1495 1990 Bruys,
1539 1940 1778 1978 Edmundus
1826 1941 1878 1978 de

292 2011 476 2059 Hastyng
496 2007 635 2054 senior,
660 2007 898 2045 Edmundus
920 2007 970 2045 de
991 2008 1175 2056 Hastyng
1193 2005 1335 2055 junior,
1359 2006 1536 2043 Thomas
1567 2006 1631 2043 del
1662 2005 1876 2053 Clughton,

292 2073 477 2112 dominus
498 2072 692 2110 Ricardus
714 2072 764 2110 de
786 2072 995 2121 Berughby
1015 2078 1143 2109 rector
1163 2070 1328 2109 ecclesie
1350 2070 1400 2108 de
1431 2069 1664 2119 Normanby
1685 2076 1723 2107 et
1745 2069 1881 2107 Simon

292 2140 342 2178 de
379 2140 487 2176 Aton
520 2137 682 2187 capiunt
717 2135 982 2174 communiter
1012 2137 1166 2185 lepores
1202 2134 1242 2172 in
1277 2136 1420 2172 foresta
1453 2134 1527 2172 ista
1557 2147 1648 2172 cum
1678 2133 1880 2183 leporariis

291 2211 427 2242 contra
447 2202 609 2240 assisam
631 2203 773 2240 foreste
803 2202 855 2239 ad
884 2207 1169 2238 nocumentum
1200 2201 1380 2237 ferarum.
1441 2200 1541 2237 Ideo
1572 2206 1800 2248 preceptum
1823 2205 1881 2237 est

288 2266 511 2307 vicecomiti
531 2267 640 2316 quod
661 2265 793 2303 venire
823 2264 938 2302 faciat
969 2277 1047 2302 eos,
1108 2266 1252 2302 Postea
1271 2270 1463 2301 venerunt
1494 2263 1658 2313 quidam
1679 2277 1818 2302 eorum
1839 2270 1877 2301 et

290 2335 410 2371 finem
430 2333 606 2370 fecerunt
627 2337 741 2378 prout
761 2337 870 2379 patet
889 2329 929 2366 in
952 2329 1144 2375 extractis,
1168 2336 1206 2367 et
1236 2327 1398 2377 quidam
1427 2341 1564 2366 eorum
1595 2330 1816 2379 utlagantur
1837 2335 1879 2367 ut

290 2404 398 2448 patet
419 2395 459 2434 in
479 2395 615 2434 rotulis
636 2407 902 2445 processuum,
926 2401 963 2432 et
985 2393 1147 2442 quidam
1169 2406 1305 2432 eorum
1328 2392 1474 2431 mortui
1496 2399 1598 2431 sunt.

402 2540 464 2576 De
485 2535 731 2586 capientibus
762 2536 942 2574 volucres
977 2547 1069 2572 curn
1101 2533 1248 2572 retibus
1283 2541 1322 2573 et
1356 2532 1441 2572 aliis
1475 2532 1642 2583 ingeniis
1677 2533 1716 2571 in
1738 2534 1882 2573 foresta

509 2600 696 2651 predicta.

347 2685 580 2721 Presentant
600 2680 720 2719 iidem
747 2679 866 2729 jurati
887 2680 996 2740 quod
1018 2679 1218 2718 Henricus
1241 2679 1449 2728 Foughler,
1472 2679 1602 2717 Adam
1624 2679 1660 2715 le
1682 2678 1880 2727 Foughler

294 2749 344 2787 de
375 2746 543 2796 Berugh,
575 2745 704 2783 Adam
733 2744 770 2782 le
800 2744 997 2793 Foughler
1026 2744 1076 2782 de
1105 2745 1214 2781 Aton
1244 2743 1354 2792 quod
1389 2741 1471 2795 [sic]
1507 2741 1667 2791 capiunt
1700 2743 1879 2781 volucres

401 2899 536 2936 Those
574 2897 662 2935 who
702 2895 846 2945 caught
885 2893 993 2933 birds
1032 2894 1071 2932 in
1111 2895 1178 2933 the
1217 2896 1336 2933 forest
1376 2893 1466 2932 with
1507 2901 1594 2933 nets
1641 2895 1720 2933 and
1769 2894 1880 2933 other

508 2969 790 3000 contrivances.

348 3043 435 3081 The
455 3054 617 3091 persons
637 3040 782 3078 named
803 3040 915 3078 catch
937 3038 1042 3078 birds
1060 3039 1099 3077 in
1119 3040 1186 3079 the
1206 3041 1324 3079 forest
1345 3039 1432 3079 with
1457 3039 1638 3079 birdlime
1659 3040 1737 3078 and
1768 3039 1879 3078 other
