2044 3491
822 190 1056 224 COUCHER
1089 191 1234 223 BOOK.
1746 193 1821 236 151

233 291 398 340 lepores,
439 292 587 341 vulpes,
636 297 744 328 catos
784 297 822 328 et
860 297 1049 337 tessones,
1090 291 1200 340 quod
1240 291 1475 330 Eustachius
1523 293 1573 331 de
1622 294 1821 332 Scutebile

235 354 269 407 [?
307 356 539 408 Stuteville],
572 357 775 405 quondam
811 362 950 393 tenens
984 355 1146 393 baronie
1186 356 1374 404 predicte,
1408 357 1472 394 cui
1507 357 1692 396 dominus
1732 360 1820 396 Rex

233 419 433 458 Henricus
449 422 652 470 quondam
667 422 754 458 Rex
767 420 921 470 Anglie‚
940 419 1165 469 progenitor
1181 419 1332 458 domini
1349 420 1469 470 Regis
1486 434 1603 468 nunc,
1622 423 1819 461 concessit

232 486 422 524 chaceare
454 486 603 524 ibidem
635 486 686 524 ad
719 486 966 524 voluntatem
1002 483 1127 534 ipsius
1166 484 1288 534 Regis
1324 484 1491 523 Henrici
1525 488 1816 534 tantummodo,

231 551 379 587 nullam
417 549 579 588 liberam
618 550 804 588 chaceam
843 548 993 587 ibidem
1033 548 1183 595 habuit,
1222 562 1296 588 nec
1330 549 1437 587 idem
1471 551 1650 588 Thomas
1684 552 1816 590 adhuc

230 613 379 653 ibidem
402 615 530 653 habet.
589 616 640 653 Et
662 616 795 664 quoad
815 614 961 652 habere
982 613 1264 652 liberacionem
1284 613 1323 651 in
1352 613 1483 652 boscis
1505 614 1584 652 suis
1605 616 1727 653 semel
1748 629 1817 665 per

231 691 391 726 annum,
413 679 549 717 dicunt
570 680 678 729 quod
699 691 835 717 omnes
856 685 1123 717 antecessores
1144 677 1309 728 predicti
1329 679 1486 717 Thome
1502 692 1524 716 a
1540 686 1718 729 tempore
1735 693 1815 729 quo

231 755 312 781 non
328 751 432 782 extat
446 743 636 783 memoria
651 745 872 782 habuerunt
889 756 959 793 pro
976 756 1017 782 se
1031 751 1069 782 et
1082 743 1310 782 tenentibus
1327 743 1405 781 suis
1421 743 1607 792 predictis
1624 744 1675 782 ad
1692 745 1816 793 quod-

230 807 326 846 libet
344 808 692 847 attachiamentum
707 809 1072 858 quocienscumque
1103 822 1266 847 necesse
1305 808 1431 855 fuerit,
1454 808 1752 857 liberacionem,
1777 818 1816 848 et

230 872 308 910 hoc
327 873 378 911 ad
399 873 680 912 sufficienciam
701 873 821 920 bosci,
845 879 883 911 et
904 886 985 911 non
1006 875 1126 912 semel
1146 887 1215 923 per
1234 886 1383 911 annum
1414 873 1514 912 sicut
1549 875 1703 912 clamat.
1763 876 1815 912 Et

229 938 362 986 quoad
401 938 546 976 habere
580 939 768 976 emendas
803 939 853 976 de
883 937 1085 977 forincesis
1116 937 1254 977 averiis
1276 951 1354 988 que
1388 951 1468 976 non
1502 938 1718 988 agistantur
1746 952 1816 988 per

229 1002 446 1051 dominum,
469 1002 606 1041 dicunt
627 1003 737 1052 quod
758 1002 790 1040 si
811 1002 1001 1041 forestarii
1023 1003 1189 1042 Comitis
1223 1009 1415 1041 venerunt
1449 1003 1547 1041 infra
1576 1011 1701 1041 metas
1733 1016 1816 1053 pre-

224 1062 354 1105 dictas
375 1074 413 1105 et
433 1067 560 1117 primo
574 1066 794 1105 invenerint
814 1067 1042 1116 hujusmodi
1055 1068 1193 1115 averia,
1210 1068 1412 1118 escapium
1432 1067 1525 1107 inde
1547 1075 1814 1118 presentatum

230 1138 289 1169 est
327 1139 365 1170 et
403 1131 475 1170 fuit
507 1145 532 1170 a
569 1139 747 1181 tempore
784 1145 866 1181 quo
905 1145 984 1170 non
1025 1140 1129 1171 extat
1160 1132 1350 1171 memoria
1383 1134 1434 1172 ad
1463 1133 1814 1172 attachiamentum

229 1197 458 1246 hujusmodi
492 1198 645 1244 foreste,
687 1204 725 1235 et
754 1197 901 1236 ibidem
934 1197 1120 1236 dominus
1155 1199 1298 1236 foreste
1333 1199 1452 1236 habet
1484 1199 1683 1246 emendas,
1716 1205 1754 1237 et
1784 1198 1816 1236 si

229 1261 452 1300 forestarius
474 1261 639 1311 predicti
660 1262 817 1300 Thome
839 1263 899 1300 vel
919 1269 1214 1301 antecessorum
1236 1276 1394 1301 suorum
1429 1262 1557 1312 primo
1591 1262 1743 1301 venerit
1773 1270 1812 1301 et

228 1326 458 1375 hujusmodi
478 1326 607 1365 averia
628 1325 777 1364 ibidem
798 1326 956 1375 ceperit,
973 1334 1067 1364 tunc
1083 1327 1283 1376 predictus
1297 1328 1474 1365 Thomas
1490 1335 1529 1365 et
1544 1339 1815 1366 antecessores

229 1390 289 1428 sui
309 1390 403 1429 inde
422 1392 646 1429 habuerunt
666 1392 865 1430 emendas.
926 1393 977 1430 Et
998 1393 1132 1442 quoad
1148 1393 1376 1430 habendum
1393 1394 1557 1430 boscum
1579 1391 1647 1442 qui
1670 1392 1816 1431 dicitur

227 1456 266 1494 le
288 1455 394 1494 Frith
415 1464 522 1495 extra
541 1457 760 1506 regardum,
784 1463 823 1495 et
852 1457 945 1495 dare
984 1457 1078 1496 inde
1117 1465 1155 1496 et
1193 1459 1366 1497 vendere
1400 1471 1472 1508 pro
1507 1460 1708 1496 voluntate
1730 1471 1811 1504 sua,

230 1528 269 1559 et
298 1528 431 1560 tenere
465 1521 574 1559 illum
606 1521 647 1559 in
678 1520 949 1571 separalitate3
979 1529 1018 1560 et
1052 1522 1229 1562 similiter
1260 1525 1406 1562 habere
1440 1525 1607 1562 boscum
1639 1531 1747 1563 extra
1776 1526 1813 1562 le

230 1585 530 1624 Holtwaitbank
550 1593 657 1624 extra
677 1587 894 1636 regardum,
911 1594 949 1625 et
964 1587 1109 1626 habere
1130 1587 1375 1626 forestarium
1397 1588 1436 1625 in
1457 1588 1661 1627 forincesis
1682 1588 1815 1627 boscis

227 1650 391 1689 baronie
428 1651 616 1701 predicte,
657 1658 695 1690 et
733 1652 1020 1690 wodewardum
1059 1653 1167 1702 apud
1205 1654 1449 1704 Ryoebergh,
1501 1661 1539 1692 et
1588 1666 1721 1692 aream
1762 1654 1813 1692 de

229 1715 457 1764 esperveriis
479 1723 517 1754 et
538 1715 791 1764 merlonibus,
814 1729 909 1766 apes
930 1724 969 1755 et
990 1718 1068 1755 mel
1089 1717 1129 1755 in
1151 1717 1280 1756 boscis
1312 1718 1392 1757 suis
1410 1726 1448 1757 et
1469 1725 1597 1768 petras
1628 1720 1809 1766 molares,

229 1787 268 1818 et
287 1780 423 1818 fodere
443 1782 575 1819 turbas
597 1788 634 1819 et
655 1781 853 1819 eradicare
874 1782 1069 1830 feugeram
1092 1789 1129 1820 et
1150 1783 1331 1822 brueram
1352 1797 1422 1833 pro
1444 1797 1496 1831 se,
1528 1783 1757 1822 hominibus
1778 1791 1818 1823 et

228 1845 454 1884 tenentibus
476 1845 553 1884 suis
575 1845 673 1884 infra
693 1853 816 1884 metas
836 1845 999 1885 baronie
1020 1846 1207 1896 predicte,
1230 1848 1366 1887 dicunt
1387 1849 1497 1898 quod
1513 1849 1619 1887 idem
1635 1850 1814 1887 Thomas

228 1917 267 1949 et
283 1924 422 1949 omnes
443 1918 712 1949 antecessores
732 1909 791 1948 sui
811 1917 992 1949 tenentes
1014 1911 1219 1950 baroniam
1241 1912 1460 1962 predictam
1490 1926 1513 1951 a
1533 1921 1711 1963 ternpore
1732 1925 1814 1962 quo

228 1989 308 2014 non
331 1982 435 2015 extat
456 1975 647 2014 memoria
667 1975 852 2025 predictis
868 1975 1112 2014 libertatibus
1134 1976 1192 2014 usi
1207 1985 1296 2015 sunt
1313 1985 1351 2016 et
1371 1977 1501 2027 gavisi.
1563 1979 1663 2016 Ideo
1684 1977 1818 2027 quoad

228 2041 374 2080 habere
393 2041 555 2079 liberam
577 2041 764 2079 chaceam
787 2053 855 2089 per
884 2039 1027 2079 divisas
1048 2041 1244 2090 predictas
1265 2043 1316 2080 ad
1336 2043 1486 2092 vulpes,
1517 2043 1684 2092 lepores,
1707 2048 1816 2080 catos

229 2112 268 2144 et
296 2113 486 2153 tessones,
527 2112 565 2144 et
602 2105 882 2143 liberacionem
918 2106 969 2143 de
1007 2105 1287 2144 communibus
1318 2106 1449 2145 boscis
1484 2106 1563 2145 suis
1598 2108 1720 2145 semel
1750 2119 1821 2155 per

230 2234 339 2284 King
361 2236 499 2283 Henry
519 2235 683 2283 granted
713 2241 753 2272 to
789 2235 961 2271 Eustace
993 2233 1043 2270 de
1077 2233 1291 2279 Stuteville‚
1313 2246 1336 2271 a
1365 2235 1510 2272 former
1530 2233 1670 2272 holder
1690 2234 1735 2271 of
1750 2234 1818 2272 the

227 2300 387 2348 barony,
409 2300 476 2337 the
497 2298 598 2348 right
619 2305 660 2336 to
681 2299 779 2337 hunt
800 2305 838 2336 at
859 2298 926 2336 the
948 2297 1087 2347 King’s
1117 2299 1296 2347 pleasure
1326 2300 1427 2348 only,
1450 2299 1531 2337 and
1561 2299 1645 2336 that
1664 2298 1818 2337 neither

227 2363 278 2402 he
299 2376 370 2401 nor
400 2363 507 2401 Lord
527 2363 650 2401 Wake
679 2375 770 2401 ever
803 2362 883 2400 had
915 2375 939 2399 a
967 2363 1047 2401 free
1081 2363 1199 2401 chase
1232 2364 1292 2402 for
1327 2365 1401 2411 fox,
1434 2364 1538 2410 hare,
1574 2363 1742 2410 wildcat,
1773 2376 1818 2401 or

228 2428 384 2478 badger.
444 2428 619 2474 Further,
643 2428 710 2466 the
743 2429 836 2477 Jury
857 2440 925 2476 say
953 2427 1038 2465 that
1072 2428 1122 2465 all
1153 2429 1220 2467 the
1254 2436 1456 2468 ancestors
1490 2429 1534 2467 of
1565 2429 1671 2466 Lord
1693 2428 1817 2466 Wake

227 2494 327 2532 from
349 2493 443 2532 time
464 2492 725 2532 immemorial
745 2493 824 2531 had
858 2493 917 2530 for
949 2492 1184 2531 themselves
1219 2494 1299 2531 and
1330 2493 1430 2531 their
1458 2500 1614 2531 tenants
1635 2492 1754 2542 livery
1774 2493 1821 2530 of

227 2559 343 2597 wood
373 2557 407 2596 if
430 2559 538 2597 there
568 2571 643 2596 was
673 2556 867 2596 sufficient
900 2555 949 2609 [?]
982 2563 1021 2594 at
1050 2569 1166 2607 every
1184 2558 1429 2596 attachment
1464 2558 1587 2597 Court
1608 2557 1814 2595 whenever

228 2622 257 2661 it
286 2636 361 2662 was
399 2623 596 2673 required,
626 2623 706 2660 and
735 2628 807 2659 not
836 2634 938 2660 once
976 2620 1017 2659 in
1046 2622 1114 2660 the
1142 2635 1243 2672 year,
1273 2636 1316 2661 as
1345 2623 1396 2661 he
1426 2621 1570 2660 claims.
1632 2622 1808 2668 Further‚

228 2688 320 2737 they
340 2701 406 2738 say
427 2688 511 2726 that
530 2686 563 2725 if
586 2687 654 2725 the
676 2687 797 2725 Earl’s
824 2687 1005 2725 foresters
1035 2699 1148 2725 came
1170 2686 1302 2726 within
1331 2688 1399 2726 the
1428 2685 1666 2726 boundaries
1687 2687 1732 2724 of
1746 2687 1814 2725 the

229 2752 388 2801 barony,
410 2753 490 2790 and
510 2764 609 2790 were
629 2751 696 2790 the
716 2752 797 2789 first
827 2758 868 2789 to
899 2751 982 2789 find
1011 2752 1130 2790 cattle
1150 2752 1195 2790 of
1221 2759 1414 2801 strangers
1435 2752 1544 2790 there
1564 2750 1690 2788 which
1711 2763 1812 2789 were

227 2823 298 2855 not
318 2815 470 2866 agisted
499 2816 550 2865 by
578 2816 644 2854 the
675 2816 777 2863 Earl,
809 2816 875 2854 the
909 2828 1050 2865 escape
1083 2816 1153 2854 has
1187 2818 1287 2855 from
1317 2816 1411 2855 time
1430 2814 1689 2853 immemorial
1710 2815 1814 2853 been

226 2880 438 2930 presented
458 2887 497 2918 at
526 2880 592 2918 the
613 2886 706 2918 next
725 2880 969 2918 attachment
985 2880 1110 2919 Court
1130 2882 1211 2919 and
1231 2882 1299 2919 the
1321 2882 1412 2919 Earl
1432 2881 1502 2918 has
1523 2880 1591 2918 the
1611 2880 1721 2925 fines,
1743 2880 1815 2917 but

225 2944 258 2983 if
273 2946 340 2983 the
360 2945 521 2983 forester
542 2945 586 2982 of
609 2945 717 2982 Lord
738 2945 860 2983 Wake
880 2957 925 2983 or
953 2944 1014 2983 his
1035 2950 1236 2983 ancestors
1257 2955 1368 2981 came
1388 2943 1469 2980 first
1491 2941 1571 2980 and
1593 2940 1724 2979 seized
1748 2941 1815 2979 the

227 3011 344 3049 cattle
366 3009 470 3048 Lord
489 3009 612 3047 Wake
633 3021 676 3047 or
697 3007 756 3046 his
777 3016 958 3048 ancestor
991 3010 1071 3048 had
1100 3009 1166 3046 the
1196 3009 1305 3046 fines.
1364 3007 1478 3056 They
1499 3006 1581 3045 find
1602 3006 1685 3044 that
1708 3006 1814 3045 Lord
