2044 3491
227 205 278 244 82
590 211 762 244 DUCHY
795 210 855 242 oF
889 210 1179 242 LANCASTER
1214 208 1449 241 REcoRDs.

334 308 482 348 Placita
509 307 739 347 clamiorum
768 308 819 347 de
851 305 1097 346 libertatibus
1126 312 1165 344 et
1205 304 1438 355 quietanciis
1475 304 1582 353 apud
1617 303 1813 352 Pikeryng

443 387 576 412 coram
615 372 790 411 Ricardo
829 373 880 410 de
909 372 1141 420 Wylughby,
1180 371 1358 408 Roberto
1389 370 1440 407 de
1480 369 1738 418 Hungerford
1777 375 1816 405 et

443 440 626 488 Johanne
655 439 706 476 de
736 437 946 485 Hambury
966 435 1196 485 Justiciariis
1225 435 1276 472 ad
1306 433 1573 473 itinerandum
1600 433 1651 471 ad
1672 431 1817 481 placita

442 505 586 542 foreste
623 503 663 540 in
701 503 844 540 foresta
883 499 1050 539 Henrici
1084 498 1252 539 Comitis
1287 498 1513 537 Lancastrie
1533 498 1585 536 de
1619 496 1816 546 Pikeryng

443 566 648 618 assignatis
682 565 747 605 die
782 567 894 603 Lune
927 563 1108 614 proximo
1142 571 1231 614 post
1265 565 1408 602 festum
1440 561 1574 601 Sancti
1608 561 1816 600 Michaelis

443 645 548 671 anno
567 631 676 681 regni
697 630 817 681 Regis
839 628 1022 668 Edwardi
1042 628 1152 667 tercii
1171 641 1194 666 a
1215 635 1437 678 conquestu
1458 627 1551 677 viij0.

283 715 498 754 Willelmus
546 714 596 752 de
644 715 785 762 Persay
823 719 862 750 et
901 711 1113 750 Petronilla
1161 711 1212 749 de
1260 711 1472 760 Kynthorp
1510 710 1682 747 clamant
1727 721 1814 747 esse

228 779 417 820 forestarii
435 779 475 817 in
495 779 615 817 feodo
645 778 684 816 in
714 779 856 816 foresta
876 777 927 815 de
949 776 1154 826 Pikeryng‚
1177 782 1215 814 et
1235 775 1380 814 habere
1410 774 1613 824 escapium
1637 773 1742 812 Haie
1762 775 1813 812 de

229 846 436 894 Blandeby
464 857 533 894 per
552 850 679 882 toturn
699 855 858 889 annum,
890 848 928 880 et
963 839 1163 890 escapium
1199 840 1250 878 de
1283 839 1413 889 Dalby
1442 852 1464 877 a
1499 839 1653 877 Pascha
1687 850 1815 887 usque

226 912 368 948 festum
403 908 536 948 Sancti
572 906 789 952 Michaelis,
826 913 865 944 et
898 904 1109 944 cablicium
1145 917 1214 954 per
1247 911 1372 943 totam
1407 903 1591 942 ballivam
1626 916 1738 941 suam
1773 902 1815 941 in

228 974 438 1013 dominicis
451 971 603 1012 domini
624 971 738 1010 salvis
761 969 962 1009 estoveriis
983 969 1211 1007 hominibus
1233 970 1284 1008 de
1304 969 1500 1019 Pikeryng
1521 975 1559 1007 et
1581 970 1742 1006 Neuton
1763 969 1814 1006 de

227 1038 436 1079 dominicis
474 1037 624 1076 domini
663 1037 714 1074 ad
753 1035 973 1073 manerium
1020 1033 1174 1073 domini
1212 1035 1263 1072 de
1304 1033 1498 1082 Pikeryng
1530 1031 1811 1082 spectantibus,

225 1111 390 1154 excepto
421 1103 461 1140 in
494 1101 599 1140 Haia
632 1101 683 1139 de
716 1100 921 1149 Blandeby
951 1107 989 1137 et
1023 1097 1233 1137 dominicis
1265 1099 1316 1137 de
1348 1098 1549 1136 Weledale
1578 1111 1588 1145 3
1638 1098 1811 1135 clamant

224 1169 341 1209 etiam
371 1168 516 1206 habere
545 1166 690 1205 siccam
724 1166 886 1203 buscam
920 1165 970 1203 ad
1004 1171 1146 1202 terram
1181 1170 1427 1213 prostratam,
1459 1162 1573 1201 salvis
1608 1161 1812 1200 estoveriis

225 1233 452 1273 hominibus
483 1233 533 1270 de
568 1231 760 1280 Pikeryng
794 1236 833 1267 et
867 1230 1031 1267 Neuton
1065 1236 1107 1266 ut
1142 1241 1284 1277 supra;
1317 1228 1489 1265 clamant
1511 1226 1636 1265 eciam
1658 1228 1810 1264 firmam

225 1297 498 1348 colligencium
528 1308 649 1333 nuces
678 1294 719 1332 in
748 1292 957 1332 dominicis
986 1292 1184 1342 predictis,
1207 1291 1322 1329 salvis
1353 1291 1554 1330 estoveriis
1584 1290 1812 1329 hominibus

224 1364 275 1402 de
305 1361 499 1411 Pikeryng
525 1367 567 1398 ut
610 1371 736 1408 supra,
777 1365 942 1406 excepta
986 1356 1093 1395 Haia
1136 1357 1186 1395 de
1217 1356 1422 1405 Blandeby
1451 1363 1490 1394 et
1519 1355 1729 1394 dominicis
1760 1356 1810 1394 de

223 1427 451 1474 Weledale3
499 1432 536 1463 et
574 1425 744 1462 clamant
783 1423 928 1460 habere
958 1421 1150 1460 retallium
1189 1429 1227 1460 et
1261 1421 1449 1460 corticem
1487 1429 1527 1460 et
1565 1433 1810 1471 cooperones

223 1490 257 1544 [?
287 1488 587 1541 cooperciones]
618 1490 669 1527 de
698 1488 919 1538 quercubus
949 1486 1049 1525 datis
1089 1499 1157 1524 seu
1187 1487 1239 1524 ad
1269 1500 1369 1536 opus
1409 1486 1561 1525 domini
1598 1485 1734 1535 captis,
1772 1493 1811 1523 et

223 1558 395 1595 clamant
451 1556 596 1593 habere
649 1551 995 1601 retropannagium
1048 1551 1088 1589 in
1136 1551 1321 1600 predictis
1374 1551 1596 1597 dominicis,
1646 1558 1811 1600 excepta

225 1621 332 1659 Haia
363 1621 413 1659 de
435 1619 640 1667 Blandeby
661 1625 699 1656 et
719 1617 931 1663 Weledale,
955 1623 993 1654 et
1022 1616 1073 1654 de
1107 1616 1291 1654 omnibus
1321 1616 1405 1654 aliis
1434 1616 1637 1655 arboribus
1667 1617 1810 1654 eodem

222 1686 344 1723 modo
359 1692 396 1723 et
410 1696 490 1722 non
503 1680 682 1721 venditis.
716 1678 829 1732 [292]
849 1681 898 1718 Et
913 1679 1088 1729 predicta
1102 1680 1316 1718 Petronilla
1333 1680 1371 1718 in
1386 1681 1542 1730 propria
1557 1694 1727 1730 persona
1740 1693 1810 1718 sua

221 1763 293 1799 pro
313 1762 353 1787 se
379 1749 464 1796 ipsa
493 1747 587 1786 dicit
617 1747 727 1796 quod
757 1745 841 1794 ipsa
870 1751 908 1782 et
938 1757 1076 1783 omnes
1107 1751 1375 1784 antecessores
1405 1745 1465 1783 sui
1486 1758 1509 1783 a
1529 1753 1708 1794 tempore
1729 1758 1810 1795 quo

221 1828 303 1852 non
342 1821 446 1852 extat
484 1811 673 1851 memoria
718 1811 875 1848 fuerunt
923 1809 1114 1847 forestarii
1159 1808 1199 1846 in
1244 1810 1363 1848 feodo
1402 1810 1443 1847 in
1481 1809 1685 1848 communi
1720 1822 1809 1847 cum

222 1879 396 1928 quodam
431 1879 559 1915 Alano
590 1877 640 1914 de
672 1876 848 1912 Wrelton
880 1875 990 1923 cujus
1021 1881 1165 1912 statum
1196 1874 1304 1912 idem
1335 1875 1555 1913 Willelmus
1586 1876 1637 1913 de
1668 1876 1812 1924 Persay

331 2026 479 2066 Claims
518 2026 562 2063 of
595 2023 769 2062 liberties
809 2022 888 2060 and
926 2020 1147 2070 quittanees
1187 2021 1304 2059 made
1341 2029 1382 2059 at
1420 2021 1627 2071 Pickering
1675 2022 1811 2060 before

438 2090 611 2128 Richard
633 2090 683 2127 de
704 2087 965 2137 Willoughby‚
989 2087 1141 2124 Robert
1162 2087 1212 2124 de
1236 2087 1503 2136 Hungerford,
1527 2088 1607 2126 and
1632 2088 1738 2136 John
1760 2088 1811 2125 de

437 2155 657 2203 Hambury,
681 2165 731 2191 on
755 2152 946 2200 Monday,
971 2151 1038 2188 6th
1060 2150 1246 2196 October,
1275 2164 1289 2187 1
1298 2164 1319 2200 3
1326 2163 1386 2199 34.

275 2238 444 2276 William
483 2237 534 2275 de
574 2235 774 2283 Percehay
794 2233 874 2271 and
914 2232 1068 2269 Parnell
1109 2232 1159 2269 de
1200 2230 1452 2281 Kingthorpe
1504 2232 1620 2270 claim
1672 2240 1713 2271 to
1761 2235 1812 2272 be

223 2305 403 2341 foresters
424 2301 464 2338 in
486 2302 545 2338 fee
566 2299 606 2336 in
635 2297 841 2346 Pickering
877 2298 1026 2342 Forest‚
1049 2296 1128 2333 and
1159 2303 1201 2333 to
1234 2296 1336 2333 have
1371 2309 1531 2346 escapes
1565 2298 1605 2335 in
1637 2298 1812 2348 Blansby

225 2369 326 2406 Park
346 2366 584 2414 throughout
605 2365 672 2402 t'ne
693 2363 817 2400 whole
837 2373 939 2410 year,
961 2361 1040 2398 and
1062 2372 1221 2408 escapes
1244 2358 1282 2396 in
1305 2361 1435 2409 Dalby
1469 2362 1568 2398 from
1603 2363 1741 2401 Easter
1769 2371 1810 2401 to

225 2433 496 2477 Michaelmas,
518 2430 597 2468 and
618 2426 894 2472 browsewood,
917 2425 1105 2473 drywood
1135 2424 1213 2462 and
1242 2424 1405 2473 nutgeld
1436 2425 1675 2475 throughout
1710 2426 1811 2465 their

223 2498 350 2536 whole
369 2493 562 2534 bailiwick
580 2493 619 2530 in
641 2493 707 2530 the
729 2491 850 2528 Earl's
871 2490 1071 2535 demesne,
1088 2488 1223 2538 saving
1243 2488 1309 2527 the
1330 2495 1502 2527 estovers
1523 2491 1569 2527 of
1583 2490 1649 2528 the
1665 2503 1756 2529 men
1770 2492 1816 2529 of
1849 2527 1854 2532 ,

225 2561 431 2609 Pickering
452 2559 531 2597 and
552 2559 722 2595 Newton
743 2554 782 2592 in
803 2554 900 2592 such
922 2555 967 2591 of
982 2553 1048 2591 the
1068 2553 1275 2591 demesnes
1295 2565 1337 2590 as
1358 2553 1502 2603 belong
1522 2561 1563 2592 to
1584 2555 1650 2593 the
1672 2568 1811 2594 manor

224 2627 266 2664 of
285 2623 502 2672 Pickering,
521 2628 659 2670 except
679 2619 719 2657 in
741 2619 916 2667 Blansby
931 2618 1033 2656 Park
1053 2618 1132 2656 and
1152 2618 1219 2656 the
1239 2618 1429 2655 demesne
1445 2619 1580 2657 woods
1596 2620 1640 2657 of
1656 2620 1810 2658 Wheel-

225 2691 314 2729 dale
330 2703 341 2737 3
370 2689 449 2726 and
469 2687 559 2735 they
575 2684 690 2723 claim
711 2691 752 2722 to
772 2684 872 2722 have
888 2684 955 2721 the
971 2681 1122 2731 chips‚*
1136 2683 1242 2729 bark,
1257 2683 1336 2721 and
1349 2690 1540 2732 tree-tops
1557 2684 1601 2721 of
1612 2684 1708 2722 oaks
1728 2686 1808 2724 and

224 2756 337 2793 other
357 2761 456 2791 trees
477 2750 591 2800 given
613 2762 655 2787 or
674 2749 772 2786 used
793 2748 841 2796 by
859 2748 924 2786 the
942 2748 1045 2793 Earl,
1063 2747 1132 2784 but
1148 2753 1217 2784 not
1234 2748 1342 2795 sold3
1364 2748 1443 2785 and
1457 2749 1549 2798 they
1565 2748 1679 2786 claim
1700 2751 1812 2788 after-

223 2830 403 2867 pannage
417 2816 456 2853 in
477 2816 542 2854 the
564 2815 784 2858 demesnes,
807 2820 945 2861 except
967 2812 1006 2849 in
1030 2811 1197 2859 Blansby
1216 2811 1318 2848 Park
1334 2812 1414 2849 and
1431 2813 1672 2852 Wheeldale.
1715 2816 1809 2853 And

226 2884 380 2922 Parnell
396 2892 559 2930 appears
580 2877 620 2915 in
641 2879 709 2915 her
726 2889 812 2915 own
826 2888 969 2925 person
985 2876 1064 2913 and
1081 2888 1166 2924 says
1183 2876 1266 2913 that
1283 2877 1353 2913 she
1369 2877 1447 2914 and
1461 2877 1512 2914 all
1528 2878 1596 2915 her
1609 2887 1809 2917 ancestors

225 2949 322 2984 from
357 2944 512 2983 ancient
546 2942 639 2981 time
672 2953 770 2979 were
805 2941 984 2978 foresters
1015 2939 1055 2976 in
1076 2939 1137 2977 see
1157 2938 1197 2976 in
1218 2953 1405 2978 common
1427 2941 1516 2980 with
1538 2955 1614 2981 one
1634 2944 1737 2980 Alan
1758 2944 1808 2981 de

571 3034 584 3048 *
612 3032 666 3062 See
682 3030 756 3061 Vol.
779 3031 838 3068 11„
858 3029 956 3066 N.S.,
976 3040 1006 3071 p.
1029 3037 1081 3069 39,
1101 3040 1135 3061 as
1153 3034 1185 3061 to
1203 3029 1295 3062 these
1313 3030 1428 3062 words.
