2044 3491
213 251 271 294 90
581 247 754 281 DUCHY
787 247 848 279 OF
880 248 1170 280 LANCASTER
1202 247 1437 281 RECORDS.

214 349 371 398 prefatis
396 348 565 387 Ricardo
586 349 636 387 de
656 347 879 397 Wylughby
899 354 937 385 et
958 347 1141 396 Johanne
1163 347 1214 385 de
1235 345 1445 394 Hambury
1464 343 1696 394 Justiciariis
1727 351 1799 382 etc.

214 421 406 453 venerunt
426 413 593 463 predicti
614 411 827 451 Petronilla
848 418 887 450 et
916 411 1147 457 Willelmus,
1170 417 1209 449 et
1240 409 1333 459 quia
1366 416 1615 458 compertum
1650 415 1709 446 est
1736 421 1806 457 per

214 479 458 518 veredictum
478 477 743 517 ministrorum
763 476 1029 527 predictorum
1050 476 1183 525 quoad
1213 474 1414 524 escapium
1436 474 1574 512 Lande
1594 474 1646 511 de
1675 474 1805 522 Dalby

216 544 326 593 quod
360 543 588 593 quicunque
618 541 842 581 forestarius
870 554 939 579 seu
968 541 1235 579 wodewardus
1266 539 1316 577 ab
1345 538 1510 588 antiquo
1539 537 1607 587 qui
1641 537 1805 587 aliquod

217 607 418 658 escapium
439 607 479 645 in
500 608 640 646 eadem
658 607 796 644 Landa
816 606 1047 652 invenerint,
1063 606 1285 655 proficuum
1300 603 1403 642 illius
1420 602 1566 653 escapii
1581 603 1805 641 habuerunt

216 671 311 725 [sz'c]‚
356 672 410 710 ita
442 672 552 721 quod
582 671 839 720 postmodum
872 683 943 720 per
975 669 1183 708 dominum
1217 670 1396 718 ejusdem
1441 669 1586 706 foreste
1633 666 1699 716 qui
1733 679 1804 716 pro

216 747 393 787 tempore
413 736 526 775 fuerit
546 735 770 774 ordinatum
792 735 863 773 fuit
884 735 993 784 quod
1015 734 1046 772 si
1066 733 1292 772 forestarius
1327 746 1397 782 per
1429 732 1560 782 ipsum
1594 730 1803 770 dominum

216 804 396 853 ejusdem
416 803 558 840 foreste
578 813 647 838 seu
668 801 834 838 heredes
854 813 946 838 suos
966 799 1008 837 in
1029 800 1169 838 eadem
1199 798 1339 836 Landa
1372 796 1609 835 constitutus
1640 795 1803 844 aliquod

219 866 420 916 escapium
449 864 642 904 invenerit
670 864 896 914 priusquam
925 863 1117 903 forestarii
1147 861 1253 901 feodi
1272 862 1370 901 illud
1399 862 1641 908 invenerant,
1671 861 1805 909 hujus-

215 933 326 971 modi
355 930 510 979 escapia
538 930 665 967 forent
693 936 917 978 presentata
945 929 998 967 ad
1026 927 1332 967 attachiamenta
1372 928 1515 966 foreste
1545 934 1584 965 et
1617 925 1802 964 dominus

214 1006 309 1036 tunc
345 995 480 1034 habuit
518 995 736 1044 proficuum
775 995 1004 1040 eorundem,
1045 1000 1083 1032 et
1122 992 1154 1031 si
1196 991 1387 1031 forestarii
1430 992 1481 1030 de
1518 992 1638 1030 feodo
1674 989 1802 1040 primo

214 1061 434 1100 invenerint
473 1057 701 1108 hujusmodi
733 1057 889 1107 escapia
920 1057 995 1107 ipsi
1029 1056 1219 1096 forestarii
1247 1064 1343 1095 tunc
1370 1070 1418 1096 ea
1448 1057 1680 1095 habuerunt.
1740 1057 1803 1093 Ita

214 1126 324 1176 quod
370 1124 490 1163 iidem
538 1121 751 1161 Petronilla
788 1129 827 1160 et
865 1121 1085 1159 Willelmus
1124 1134 1194 1159 seu
1226 1121 1347 1171 aliqui
1395 1121 1459 1160 alii
1506 1129 1802 1159 antecessorum

214 1203 373 1229 suorum
394 1200 598 1237 nunquam
619 1187 842 1224 habuerunt
863 1183 976 1238 [295]
999 1177 1200 1235 escapium
1223 1187 1362 1225 Lande
1383 1186 1559 1236 predicte
1579 1186 1701 1223 modo
1722 1197 1801 1234 quo

213 1257 394 1293 clamant.
455 1253 555 1291 Ideo
575 1250 868 1289 consideratum
889 1258 948 1289 est
969 1251 1078 1299 quod
1098 1251 1264 1299 predicti
1286 1251 1501 1290 Petronilla
1522 1258 1560 1289 et
1580 1251 1801 1288 Willelmus

213 1319 335 1357 nichil
350 1317 508 1368 capiunt
524 1316 563 1354 in
576 1316 651 1353 hac
672 1322 791 1364 parte,
814 1321 873 1352 set
893 1314 970 1352 sint
990 1314 1030 1351 in
1051 1314 1320 1354 misericordia
1340 1328 1410 1365 pro
1431 1317 1529 1353 falso
1551 1315 1695 1353 clamio
1715 1326 1797 1352 suo.

215 1388 358 1423 Postea
384 1388 576 1421 venerunt
605 1379 772 1430 predicti
806 1378 1019 1417 Petronilla
1048 1386 1087 1417 et
1116 1381 1336 1418 Willelmus
1371 1387 1409 1418 et
1448 1379 1651 1429 pecierunt
1691 1379 1801 1428 quod

211 1448 363 1500 possint
391 1445 547 1485 admitti
574 1446 625 1483 ad
654 1445 774 1482 finem
805 1443 1028 1482 faciendum
1059 1456 1150 1481 curn
1181 1444 1345 1483 domino
1381 1457 1452 1494 pro
1483 1444 1626 1482 clamio
1657 1456 1729 1482 suo
1758 1443 1800 1481 in

211 1516 287 1552 hac
306 1520 414 1563 parte
434 1510 687 1549 emendando
708 1515 746 1547 et
767 1508 817 1546 de
838 1520 943 1546 novo
964 1507 1159 1554 faciendo,
1176 1516 1214 1546 et
1229 1508 1491 1547 admittuntur
1507 1521 1576 1558 per
1591 1507 1798 1547 dimidiam

211 1590 383 1617 marcam
403 1589 471 1625 per
491 1573 663 1624 plegium
688 1572 854 1610 Henrici
874 1573 924 1610 de
947 1573 1054 1609 Kelk
1075 1579 1114 1610 et
1135 1573 1339 1623 Radulphi
1360 1574 1410 1612 de
1432 1575 1605 1612 Morton.

264 1644 400 1682 Abbas
421 1642 472 1680 de
492 1638 696 1678 Rievalle*
716 1639 858 1675 clamat
879 1636 919 1674 in
939 1636 1121 1675 maneriis
1142 1636 1221 1674 suis
1242 1636 1293 1674 de
1315 1636 1616 1684 Kykemarreys,
1639 1635 1796 1681 Lound,

211 1707 439 1748 Neuestede
476 1711 515 1743 et
545 1703 806 1751 Loftmarreys
837 1714 927 1739 cum
963 1700 1214 1750 pertinenciis
1249 1700 1327 1738 suis
1357 1700 1499 1738 domos
1534 1707 1572 1738 et
1606 1698 1798 1738 bercarias

211 1772 394 1813 edificare
415 1777 453 1809 et
473 1776 614 1808 terram
634 1766 675 1804 in
696 1765 881 1816 predictis
901 1765 1084 1803 maneriis
1105 1777 1175 1814 pro
1204 1765 1406 1803 voluntate
1435 1777 1506 1802 sua
1535 1763 1575 1801 in
1604 1765 1798 1802 culturam

209 1837 385 1886 redigere
423 1841 462 1873 et
501 1843 715 1877 excercere,
756 1837 794 1869 et
833 1830 944 1879 quod
991 1830 1120 1867 nullus
1168 1828 1346 1866 minister
1392 1829 1537 1867 foreste
1584 1836 1651 1867 aut
1697 1828 1797 1867 alius

209 1899 433 1941 forestarius
467 1910 508 1936 se
546 1895 761 1945 quicquam
807 1893 849 1932 in
894 1892 1076 1932 maneriis
1115 1892 1303 1942 predictis
1342 1891 1587 1940 intromittat,
1632 1901 1798 1943 excepta

207 1974 359 2006 tantum
389 1965 440 2003 de
472 1960 701 2007 venacione,
736 1967 864 2009 preter
897 1957 1026 2007 ipsum
1059 1957 1257 1995 Abbatem
1301 1964 1340 1995 et
1370 1956 1567 1995 ministros
1598 1970 1716 1996 suos:
1758 1965 1798 1996 et

208 2031 384 2071 similiter
403 2028 514 2078 quod
533 2025 672 2075 agistet
691 2037 762 2074 pro
782 2024 983 2062 voluntate
1003 2035 1074 2060 sua
1093 2021 1133 2059 in
1155 2021 1337 2060 maneriis
1357 2021 1553 2071 predictis.

207 2162 343 2201 before
362 2159 430 2197 the
449 2158 630 2195 foresters
652 2154 696 2192 of
719 2154 792 2201 fee,
823 2153 852 2191 it
880 2165 957 2191 was
989 2151 1199 2201 presented
1228 2157 1268 2188 at
1296 2151 1363 2189 the
1393 2151 1650 2190 Attachment
1673 2153 1798 2192 Court

209 2226 290 2265 and
309 2225 376 2263 the
394 2222 483 2261 lord
503 2219 664 2259 derived
683 2219 751 2257 the
770 2218 896 2267 profit,
927 2217 1007 2254 and
1028 2216 1060 2253 if
1084 2216 1150 2253 the
1171 2216 1354 2253 foresters
1375 2216 1420 2254 of
1443 2216 1504 2254 fee
1524 2217 1648 2255 found
1668 2216 1697 2255 it
1717 2218 1798 2256 first

207 2292 299 2339 they
319 2287 400 2326 had
419 2287 487 2324 the
515 2284 641 2333 profit.
701 2283 753 2320 So
782 2282 866 2319 that
890 2279 1061 2317 William
1091 2280 1143 2317 de
1172 2279 1373 2327 Percehay
1401 2281 1481 2318 and
1510 2281 1667 2319 Parnell
1696 2281 1797 2320 have

209 2354 328 2394 failed
343 2360 384 2391 to
404 2362 525 2400 prove
544 2347 644 2387 their
663 2346 791 2392 claim,
812 2345 893 2382 and
922 2343 950 2381 it
971 2343 1002 2381 is
1024 2342 1261 2381 disallowed.
1323 2344 1410 2381 The
1430 2344 1543 2382 latter
1573 2345 1796 2384 afterwards

207 2431 353 2469 appear
372 2415 451 2454 and
470 2426 563 2463 pray
584 2419 625 2451 to
645 2411 695 2450 be
715 2409 879 2448 allowed
896 2415 937 2446 to
950 2420 1024 2456 pay
1040 2420 1063 2445 a
1079 2406 1345 2456 composition
1374 2408 1434 2444 for
1456 2408 1671 2459 amending
1691 2409 1792 2448 their

207 2482 324 2521 claim
355 2480 435 2519 and
462 2477 562 2516 their
594 2487 730 2526 prayer
762 2472 794 2511 is
825 2472 999 2522 granted.
1060 2470 1158 2510 Fine
1193 2473 1231 2508 6Ξ
1265 2469 1318 2509 Sd.
1377 2471 1548 2511 Sureties
1583 2474 1723 2522 Henry
1744 2475 1796 2512 de

209 2547 317 2586 Kelk
335 2545 415 2584 and
435 2542 587 2581 Robert
607 2541 657 2578 de
679 2541 851 2577 Morton.

261 2610 351 2647 The
371 2607 507 2645 Abbot
535 2605 580 2643 of
605 2603 800 2641 Rievaulx
832 2600 971 2638 claims
1005 2600 1072 2639 the
1109 2598 1211 2649 right
1249 2600 1294 2638 of
1327 2599 1506 2651 building
1542 2602 1687 2641 houses
1715 2604 1796 2642 and

208 2672 434 2722 sheepfolds
454 2670 533 2708 and
554 2669 597 2706 of
621 2666 801 2716 bringing
829 2665 923 2704 land
956 2664 1039 2703 into
1073 2663 1302 2702 cultivation
1337 2665 1472 2703 within
1491 2666 1558 2704 the
1579 2679 1735 2706 manors
1756 2668 1801 2706 of

208 2738 352 2777 Kekke
383 2733 587 2779 Marishes‚
611 2732 739 2777 Lund,
771 2730 992 2775 Newstead,
1015 2729 1096 2767 and
1125 2729 1217 2766 Loft
1246 2729 1441 2769 Marishes
1457 2744 1469 2778 ;
1510 2732 1591 2769 and
1624 2732 1708 2770 that
1741 2746 1794 2771 no

206 2805 369 2842 forester
397 2812 441 2838 or
466 2798 579 2837 other
612 2796 745 2834 officer
778 2795 822 2833 of
847 2795 915 2832 the
946 2794 1077 2839 forest,
1113 2793 1185 2830 but
1218 2793 1311 2842 only
1344 2794 1413 2833 the
1446 2796 1582 2834 Abbot
1614 2797 1695 2835 and
1733 2797 1794 2836 his

205 2867 369 2912 Officers,
399 2864 470 2901 has
519 2873 595 2910 any
628 2859 731 2909 right
769 2865 810 2897 to
849 2857 1114 2896 intermeddle
1145 2857 1360 2905 therewith,
1400 2867 1539 2909 except
1572 2861 1665 2910 only
1702 2860 1794 2900 with

251 2963 266 2979 *
291 2961 400 2993 There
416 2969 470 2991 are
485 2962 552 2991 two
567 2957 686 2990 entries
698 2956 838 2997 relating
852 2959 887 2987 to
903 2955 978 2986 this.
1033 2953 1107 2985 The
1123 2953 1204 2985 later
1219 2964 1281 2986 one
1305 2954 1332 2986 is
1347 2956 1557 2997 exemplified
1573 2957 1607 2988 in
1625 2957 1702 2988 Rot.
1721 2958 1792 2989 Pat.

205 3021 247 3053 43
271 3013 365 3043 Edw.
384 3011 464 3049 111„
483 3010 527 3051 pl.
549 3018 575 3047 1,
595 3020 640 3040 m.
658 3016 710 3049 33.
756 3008 830 3039 The
856 3006 1049 3038 differences
1072 3016 1126 3037 are
1142 3005 1221 3046 only
1235 3006 1345 3047 slight.
1390 3008 1464 3039 The
1486 3012 1610 3040 extract
1626 3008 1709 3040 from
1734 3009 1789 3040 the

206 3065 324 3096 Patent
342 3062 417 3094 Roll
434 3062 461 3094 is
477 3061 606 3103 printed
623 3061 656 3092 in
673 3060 727 3092 the
745 3059 876 3092 Surtees
894 3057 1037 3098 Society,
1056 3057 1132 3088 Vol.
1150 3056 1201 3097 83,
1221 3068 1254 3099 p.
1272 3064 1346 3098 415.
