2044 3491
232 211 313 252 166
594 219 767 253 DUCHY
799 218 860 251 OF
892 218 1183 251 LANCASTER
1217 217 1453 251 RECORDs.

233 317 406 358 cacionis
437 319 552 357 beate
573 317 701 357 Marie
731 329 837 356 anno
857 316 966 367 regni
994 315 1147 355 domini
1181 314 1303 365 Regis
1332 327 1439 353 nunc
1470 313 1628 354 decimo
1658 315 1822 365 quando

233 382 481 422 atterminata
500 383 658 421 fuerunt
680 395 806 432 usque
827 381 933 420 diem
953 379 1140 419 Mercurii
1160 379 1384 430 proximum
1404 386 1494 430 post
1515 380 1654 418 festum
1675 381 1824 418 Ascen-

235 448 356 487 sionis
392 447 558 486 Domini
588 447 813 498 proximum
843 452 1073 496 sequentem
1100 445 1207 494 apud
1243 444 1460 494 Pikeryng3
1491 445 1542 482 ad
1563 457 1683 494 quem
1715 443 1822 483 diem

234 513 377 564 placita
397 520 434 552 et
454 526 659 563 processus
680 512 857 563 predicta
889 517 1161 549 remanserunt
1190 508 1274 547 sine
1295 508 1359 547 die
1389 522 1458 558 per
1486 508 1714 547 absenciam
1743 515 1822 546 tam

233 577 502 628 predictorum
522 577 717 627 Johannis
738 577 788 615 de
809 577 1019 625 Hambury
1039 582 1078 614 et
1100 573 1260 612 Ricardi
1281 574 1332 611 de
1351 574 1387 611 la
1410 574 1506 613 Pole
1526 587 1646 624 quam
1677 572 1825 623 predic-

235 650 365 681 torum
389 642 549 680 Ricardi
570 642 619 680 de
640 642 861 692 Wylughby
882 647 920 679 et
950 638 1116 678 Roberti
1145 639 1196 677 de
1227 639 1484 688 Hungerford
1513 637 1824 689 Justiciariorum

237 713 309 745 etc,
333 706 426 744 alibi
446 707 496 745 de
517 706 705 744 mandato
725 704 879 744 domini
899 704 1019 755 Regis
1039 717 1146 742 nunc
1166 702 1433 742 existencium.
1491 705 1557 742 Ad
1577 717 1696 754 quem
1718 702 1825 742 diem

238 772 353 810 Lune
374 769 596 820 proximum
616 777 705 820 post
725 771 869 808 festum
890 768 1022 808 Sancti
1042 769 1202 807 Andree
1232 765 1373 820 [316b]
1394 767 1564 818 apostoli
1579 769 1686 818 apud
1716 767 1826 806 Pike-

237 848 334 885 ryng
353 848 486 874 coram
519 835 677 885 prefatis
708 834 883 873 Ricardo
916 835 966 873 de
995 834 1216 884 Wylughby
1246 839 1284 871 et
1317 833 1503 882 Johanne
1537 834 1588 872 de
1618 833 1827 881 Hambury

237 899 468 950 Justiciariis
489 907 562 939 etc.
585 898 784 949 predictus
815 898 1014 937 Henricus
1035 899 1086 937 de
1121 900 1243 946 Percy
1272 910 1342 946 per
1370 899 1489 937 breve
1519 897 1673 937 domini
1704 895 1827 946 Regis

238 966 311 1003 sub
331 964 558 1004 testimonio
579 963 746 1015 predicti
766 963 929 1002 Ricardi
949 964 999 1002 de
1019 962 1240 1014 Wylughby
1271 969 1386 1011 prout
1416 970 1488 1001 ete.
1519 960 1827 1001 resummonitus

237 1042 307 1079 per
335 1036 573 1068 attornatum
607 1041 721 1067 suum
756 1028 863 1067 venit
892 1035 930 1067 et
963 1029 1110 1077 profert
1140 1029 1342 1077 quoddam
1372 1028 1490 1066 breve
1524 1025 1676 1065 domini
1705 1024 1827 1075 Regis

237 1094 412 1131 clausum
433 1092 592 1143 prefatis
613 1092 844 1143 Justiciariis
865 1092 929 1131 hic
943 1093 1135 1132 directum
1155 1092 1194 1130 in
1216 1093 1290 1131 hec
1311 1093 1439 1131 verba.
1501 1092 1719 1130 Edwardus
1750 1089 1828 1129 Dei

235 1156 364 1207 gracia
385 1159 472 1195 Rex
492 1157 645 1207 Anglie,
670 1157 869 1195 Dominus
904 1156 1098 1196 Hibernie
1128 1164 1166 1196 et
1197 1159 1289 1195 Dux
1322 1156 1566 1207 Aquitannie
1595 1155 1827 1206 Justiciariis

235 1221 507 1260 itinerantibus
528 1223 578 1260 ad
599 1222 742 1272 placita
763 1224 905 1261 foreste
927 1221 1094 1260 Henrici
1115 1220 1283 1260 Comitis
1305 1221 1533 1260 Lancastrie
1554 1221 1604 1259 de
1633 1220 1829 1269 Pikeryng

236 1288 413 1326 salutem.
470 1287 661 1325 Volentes
693 1286 971 1336 indempnitati
1000 1286 1134 1325 dilecti
1173 1294 1211 1326 et
1249 1287 1376 1326 fidelis
1416 1286 1539 1325 nostri
1572 1285 1739 1325 Henrici
1778 1286 1828 1324 de

237 1352 360 1400 Percy
380 1350 448 1401 qui
469 1350 509 1388 in
530 1351 722 1401 obsequio
743 1359 877 1390 nostro
906 1351 946 1389 in
966 1352 1142 1401 partibus
1164 1351 1303 1391 Scocie
1332 1359 1506 1390 moratur
1535 1351 1757 1402 prospicere
1786 1358 1829 1389 ut

236 1422 427 1463 tenemur,
449 1415 561 1454 vobis
580 1416 816 1454 mandamus
837 1417 946 1466 quod
967 1416 1101 1454 omnia
1120 1416 1263 1466 placita
1283 1416 1324 1454 in
1343 1416 1481 1455 itinere
1501 1416 1679 1466 predicto
1700 1416 1829 1466 ipsum

237 1479 461 1519 Henricum
482 1480 820 1530 qualitercumque
840 1481 1118 1531 contingencia
1138 1482 1376 1520 continuetis
1397 1481 1437 1519 in
1457 1482 1602 1521 eodem
1623 1488 1727 1520 statu
1748 1494 1829 1531 quo

236 1558 344 1584 nunc
365 1553 455 1583 sunt
476 1558 602 1595 usque
631 1547 683 1584 ad
714 1547 854 1584 festum
887 1547 1038 1584 Pasche
1071 1546 1249 1595 proxime
1279 1548 1453 1585 futurum
1483 1553 1556 1585 etc.
1616 1548 1736 1584 Teste
1766 1558 1830 1584 me

237 1607 323 1657 ipso
343 1609 451 1658 apud
472 1609 677 1658 Stryvelyn
706 1607 864 1647 decimo
885 1608 950 1647 die
980 1610 1217 1649 Novembris
1237 1623 1343 1649 anno
1377 1611 1485 1660 regni
1506 1611 1629 1649 nostri
1658 1610 1827 1649 decimo.

237 1672 390 1711 Virtute
411 1674 521 1722 eujus
541 1673 668 1711 brevis
698 1674 812 1712 datus
833 1680 892 1712 est
912 1673 1005 1712 inde
1034 1673 1118 1712 dies
1147 1676 1298 1725 prefato
1329 1675 1508 1714 Henrico
1529 1676 1579 1714 de
1609 1677 1732 1725 Percy
1762 1688 1832 1725 per

237 1744 475 1776 attornatum
498 1751 612 1776 suum
634 1738 855 1788 predictum
878 1751 1003 1788 usque
1024 1737 1130 1777 idem
1151 1741 1293 1778 festum
1324 1741 1478 1779 Pasche
1497 1741 1605 1790 apud
1635 1740 1832 1790 Pikeryng

237 1802 277 1840 in
300 1803 442 1841 eodem
463 1809 566 1841 statu
596 1816 675 1853 quo
713 1816 821 1841 nunc
848 1809 919 1840 etc.
981 1804 1088 1842 Infra
1114 1804 1224 1854 quod
1253 1804 1465 1843 terminum
1494 1805 1617 1854 apudv
1636 1804 1832 1854 Pikeryng

238 1881 372 1906 coram
393 1867 551 1917 prefatis
572 1867 748 1906 Ricardo
783 1868 834 1906 de
854 1869 1086 1918 Wylughby‚
1109 1876 1147 1908 et
1180 1870 1367 1919 Johanne
1401 1871 1451 1909 de
1474 1870 1684 1919 Hambury
1711 1869 1830 1919 Justi-

239 1931 365 1970 ciariis
386 1940 458 1971 etc.
476 1932 540 1971 die
563 1934 676 1970 Lune
694 1931 734 1969 in
752 1933 928 1970 secunda
944 1932 1163 1982 septimana
1179 1932 1491 1982 Quadragesime
1509 1932 1613 1970 venit
1630 1931 1830 1981 predictus

239 1996 439 2035 Henricus
460 2010 529 2047 per
554 2004 794 2035 attornatum
825 2009 939 2035 suum
962 1997 1195 2047 predictum,
1217 2005 1256 2037 et
1285 1996 1471 2037 dominus
1504 1999 1592 2036 Rex
1628 1995 1830 2035 mandavit

238 2059 468 2110 Justiciariis
501 2060 686 2110 predictis
718 2061 834 2100 breve
867 2074 982 2100 suum
1017 2063 1194 2100 clausum
1229 2062 1270 2100 in
1303 2063 1379 2100 hec
1413 2062 1543 2100 verba.
1613 2061 1831 2099 Edwardus

240 2124 318 2163 Dei
337 2125 467 2175 gracia
497 2127 585 2164 Rex
605 2125 759 2175 Anglie,
796 2126 995 2165 Dominus
1027 2127 1222 2167 Hibernie
1253 2134 1292 2166 et
1322 2129 1415 2165 Dux
1445 2125 1687 2176 Aquitannie
1716 2125 1833 2176 Justi-

238 2188 365 2228 ciariis
412 2189 683 2229 itinerantibus
722 2192 773 2230 ad
811 2191 954 2241 placita
992 2193 1135 2231 foreste
1185 2192 1224 2230 in
1273 2194 1417 2231 foresta
1456 2191 1622 2230 Henrici
1661 2189 1831 2231 Comitis

241 2254 469 2293 Lancastrie
507 2256 558 2293 de
596 2255 792 2306 Pikeryng
832 2258 1009 2296 salutem.
1068 2258 1260 2296 Volentes
1299 2256 1576 2306 indempnitati
1614 2255 1749 2295 dilecti
1792 2261 1832 2294 et

241 2318 369 2357 fidelis
389 2318 511 2357 nostri
532 2319 698 2357 Henrici
719 2321 769 2359 de
790 2322 911 2370 Percy
933 2320 1001 2371 qui
1021 2320 1060 2359 in
1081 2321 1274 2372 obsequio
1288 2328 1423 2360 nostro
1444 2320 1484 2359 in
1504 2319 1677 2370 partibus
1693 2319 1832 2359 Scocie

243 2390 416 2422 moratur
435 2383 659 2434 prospicere
690 2392 733 2423 ut
763 2392 954 2432 tenemur,
978 2385 1089 2425 vobis
1120 2387 1355 2425 mandamus
1385 2386 1493 2435 quod
1522 2384 1656 2423 omnia
1688 2384 1833 2434 placita

243 2446 284 2485 in
305 2447 441 2486 itinere
461 2448 638 2498 predicto
670 2449 798 2499 ipsum
821 2450 1042 2489 Henricum
1071 2451 1412 2501 qualitercumque
1438 2449 1713 2499 contingencia
1742 2462 1833 2487 con-

245 2510 405 2550 tinuetis
426 2511 465 2549 in
486 2513 630 2551 eodem
651 2521 752 2551 statu
768 2526 849 2564 quo
871 2527 977 2552 nunc
996 2522 1086 2554 sunt
1103 2528 1226 2565 usque
1246 2516 1296 2554 ad
1310 2516 1452 2553 festum
1474 2513 1607 2552 Sancti
1625 2513 1832 2552 Michaelis

246 2575 421 2624 proxime
442 2578 624 2616 futurum.
683 2579 804 2617 Teste
824 2591 889 2616 me
918 2578 1003 2629 ipso
1033 2581 1140 2630 apud
1168 2578 1560 2618 Westmonasterium
1592 2577 1747 2617 decimo
1768 2578 1833 2617 die

249 2640 389 2678 Marcii
409 2653 514 2679 anno
534 2641 642 2691 regni
663 2641 786 2680 nostri
801 2643 1025 2683 undecimo.
1084 2644 1240 2683 Virtute
1259 2645 1371 2693 cujus
1388 2643 1516 2682 brevis
1531 2643 1646 2681 datus
1667 2650 1725 2681 est
1738 2641 1833 2680 inde

249 2703 333 2743 dies
350 2706 499 2754 prefato
514 2707 692 2745 Henrico
714 2720 781 2757 per
796 2714 1037 2746 attornatum
1054 2722 1168 2747 suum
1184 2708 1407 2758 predictum
1421 2720 1545 2758 usque
1565 2707 1669 2746 idem
1688 2708 1833 2745 festum

249 2834 350 2871 from
370 2833 437 2872 the
469 2833 588 2884 King,
612 2847 689 2873 one
722 2835 842 2874 dated
873 2843 913 2874 at
947 2835 1114 2886 Stirling,
1155 2851 1201 2874 10
1236 2837 1476 2884 November,
1517 2838 1631 2886 1336,
1665 2835 1833 2874 another

248 2897 369 2936 dated
399 2898 681 2947 Westminster,
726 2913 773 2937 10
807 2901 959 2948 March,
1004 2912 1116 2950 1337,
1148 2902 1227 2940 and
1260 2902 1327 2940 the
1357 2902 1431 2939 last
1465 2901 1585 2940 dated
1620 2900 1830 2946 Stamford,

252 2963 299 2999 28
330 2963 445 3064 {une'
471 2974 584 3012 1337,
606 2964 673 3003 the
705 2964 791 3003 trial
829 2977 905 3004 was
943 2966 1163 3015 eventually
1201 2966 1307 3005 fixed
1339 2966 1400 3005 for
1433 2966 1628 3016 Tuesday,
1665 2975 1708 3014 15
1741 2965 1833 3014 Sep-

249 3030 328 3063 tem
360 3038 410 3074 er,
437 3029 548 3076 1338.
