2044 3491
311 218 388 269 178
674 225 846 258 DUCHY
878 225 938 257 OF
972 224 1262 256 LANCASTER
1294 224 1529 256 RECORDS.

308 336 516 373 processus
535 322 788 362 allocacionis
809 324 911 362 facte
930 321 1190 372 burgensibus
1224 329 1263 360 et
1294 321 1521 360 hominibus
1553 321 1651 360 infra
1677 320 1828 371 scriptis
1858 321 1899 361 in

311 389 449 428 itinere
470 388 648 439 predicto
678 378 790 428 vobis
826 386 967 440 [320b]
1002 386 1192 425 mittimus
1224 386 1265 424 in
1299 387 1473 436 quodam
1504 388 1634 425 rotulo
1669 386 1763 424 huic
1791 387 1901 425 brevi

310 461 489 502 consuto,
510 461 626 504 prout
655 454 803 492 dictum
837 455 956 491 breve
989 452 1159 502 requirit.
1221 451 1301 501 Qui
1335 452 1497 501 quidem
1532 459 1645 490 tenor
1677 452 1831 491 recordi
1861 459 1903 491 et

310 531 518 568 processus
538 518 790 557 allocacionis
810 518 986 568 predicte
1007 517 1182 567 sequitur
1202 516 1241 554 in
1263 517 1336 555 hec
1356 517 1484 555 verba.

312 660 444 686 coram
496 647 666 687 dominis
704 647 902 686 Willelmo
941 647 991 685 de
1029 647 1198 695 Vescy,*
1258 647 1416 684 Thoma
1454 647 1504 684 de
1543 646 1813 684 Normanvilla
1863 653 1902 684 et

311 712 487 751 Ricardo
526 714 576 752 de
606 711 816 762 Creppfflg,
840 711 1067 761 Justiciariis
1106 711 1380 749 itinerantibus
1414 712 1465 749 ad
1497 711 1641 760 placita
1675 713 1819 749 foreste
1858 711 1899 749 in

314 776 516 816 Comitatu
537 777 790 824 Eboracensi,
815 776 997 826 placitata
1018 789 1086 825 per
1106 775 1308 814 viridarios
1330 782 1368 813 et
1402 775 1624 814 forestarios
1659 775 1900 825 subscriptos

311 841 496 881 videlicet
515 855 584 892 per
617 843 748 880 Adam
781 841 905 879 filium
939 840 1142 890 Radulphi
1175 840 1225 878 de
1260 841 1416 878 Roston
1450 846 1488 877 et
1524 838 1745 878 Galfridum
1775 839 1899 878 filium

312 906 580 945 Bartholomei
632 908 682 945 de
721 907 871 955 Scalby,
912 905 1124 952 viridarios‚
1179 906 1383 954 Rogerum
1429 904 1467 942 le
1520 906 1646 954 Bygot
1696 903 1897 943 Comitem

312 971 515 1010 Norfolcie
553 979 591 1010 et
631 972 907 1010 Marescallum
946 970 1100 1019 Anglie,
1138 967 1402 1007 Forestarium
1449 967 1557 1006 feodi
1605 975 1643 1007 et
1692 970 1763 1007 sub
1811 968 1898 1018 ipso

309 1035 509 1073 Thomam
555 1036 606 1073 de
654 1036 891 1082 Edbreston,
931 1036 1152 1073 Robertum
1200 1034 1250 1072 de
1299 1034 1535 1079 Harewode,
1577 1034 1798 1071 Robertum
1847 1035 1899 1072 de

309 1100 580 1148 Seteryngton,
603 1101 804 1149 Rogerum
825 1099 1020 1145 Buchard‚
1042 1098 1279 1136 Willelmum
1302 1098 1552 1145 Godeworld,
1576 1099 1796 1136 Robertum
1831 1099 1897 1136 del

310 1163 431 1210 Frith,
454 1162 672 1202 Ricardum
703 1163 825 1201 filium
847 1165 1017 1210 Andree,
1042 1165 1243 1212 Rogerum
1265 1163 1315 1200 de
1335 1163 1473 1200 Toftes
1505 1169 1543 1200 et
1578 1162 1817 1200 Nicholaum
1847 1164 1898 1201 de

310 1229 530 1266 Levesham
552 1228 774 1267 forestarios
792 1229 952 1277 juratos.
1012 1227 1092 1277 Qui
1113 1227 1275 1277 quidem
1297 1227 1443 1265 Comes
1464 1227 1687 1265 forestarius
1709 1228 1759 1265 de
1779 1228 1898 1265 feodo

309 1300 348 1331 et
369 1293 635 1331 subforestarii
657 1293 713 1331 sui
735 1292 900 1343 predicti
930 1306 1012 1331 non
1041 1293 1329 1342 responderunt
1360 1292 1411 1330 de
1435 1291 1566 1341 aliqua
1599 1291 1899 1341 presentacione

307 1356 622 1407 transgressionis
643 1356 869 1395 venacionis
890 1370 964 1395 nec
984 1356 1116 1395 viridis
1137 1369 1211 1394 nec
1240 1355 1372 1405 aliquo
1393 1355 1702 1394 attachiamento
1718 1357 1823 1393 facto
1844 1356 1896 1394 de

308 1421 457 1459 eisdem
497 1421 881 1471 transgressionibuS,
916 1421 1008 1460 ideo
1043 1422 1094 1460 de
1127 1421 1216 1471 ipso·
1249 1420 1406 1460 Comite
1440 1421 1685 1470 loquendum
1718 1427 1777 1459 est
1806 1433 1896 1458 cum

309 1487 432 1535 Rege,
455 1485 548 1536 quia
569 1488 682 1525 Baro.

362 1552 636 1589 Presentatum
675 1558 735 1589 est
773 1558 810 1589 et
849 1550 1077 1589 convictum
1116 1564 1185 1600 per
1214 1549 1436 1589 forestarios
1471 1556 1509 1588 et
1540 1548 1744 1588 viridarios
1787 1550 1897 1599 quod

305 1616 499 1653 Walterus
532 1616 583 1653 de
622 1614 817 1654 Lithebek
849 1622 1035 1662 mortuus,
1071 1615 1265 1653 Ricardus
1305 1617 1428 1662 Swan,
1462 1615 1592 1653 Adam
1631 1616 1682 1653 de
1722 1616 1895 1664 Lythum

305 1680 490 1730 exigatus,
514 1680 709 1719 Richerus
731 1681 919 1730 Haldayn
954 1687 1131 1718 mortuus
1166 1687 1204 1718 et
1234 1679 1298 1717 alii
1331 1679 1456 1729 ignoti
1488 1681 1645 1717 fuerunt
1679 1679 1719 1716 in
1750 1680 1897 1717 foresta

304 1744 458 1782 domini
479 1745 599 1794 Regis
619 1745 660 1783 in
682 1744 864 1785 Crastino
885 1744 1178 1783 Purificacionis
1199 1745 1314 1783 beate
1335 1744 1462 1782 Marie
1481 1743 1653 1794 Virginis
1666 1757 1771 1782 anno
1788 1744 1897 1794 regni

304 1808 425 1858 Regis
448 1809 614 1847 Henrici
635 1810 711 1847 hoc
733 1807 782 1861 [?]
804 1809 843 1847 in
868 1809 973 1847 Haia
993 1811 1043 1849 de
1063 1810 1204 1859 Scalby
1224 1817 1262 1848 et
1283 1816 1472 1858 ceperunt
1506 1822 1627 1846 unum
1663 1808 1892 1858 capriolum,

303 1881 342 1911 et
362 1874 595 1912 habuerunt.
638 1871 671 1925 [?
693 1872 909 1926 Henricus]
931 1876 1113 1913 Thaurus
1134 1873 1300 1913 adduxit
1316 1887 1440 1911 unum
1458 1886 1602 1923 equum
1625 1881 1824 1912 carcatum
1845 1874 1897 1912 de

303 2003 347 2040 of
361 2002 471 2039 York
490 2003 541 2052 by
562 2003 628 2040 the
656 2003 856 2041 verderers
877 2003 957 2040 and
987 2004 1170 2040 foresters
1202 2000 1445 2046 mentioned,
1469 2002 1636 2050 namely‚
1660 2002 1805 2048 Adam,
1820 2015 1894 2039 son

305 2067 351 2104 of
383 2067 515 2116 Ralph
545 2067 596 2105 de
630 2069 799 2114 Ruston,
833 2069 913 2106 and
953 2068 1148 2116 Geoffrey,
1172 2080 1244 2105 son
1277 2068 1322 2105 of
1357 2067 1648 2105 Bartholomew
1669 2067 1719 2105 de
1740 2068 1893 2116 Scalby,

303 2132 513 2178 verderers,
537 2133 671 2181 Roger
699 2132 735 2170 le
757 2133 893 2181 Bygot,
919 2133 1010 2170 Earl
1031 2133 1076 2170 of
1102 2132 1270 2170 Norfolk
1291 2132 1371 2169 and
1393 2131 1484 2168 Earl
1507 2132 1709 2179 Marshall,
1733 2126 1903 2170 forester

305 2197 351 2234 of
365 2198 436 2243 see,
459 2197 539 2234 and
569 2198 694 2235 under
722 2195 803 2233 him
839 2197 1015 2235 Thomas
1051 2198 1102 2234 de
1137 2196 1375 2243 Ebberston,
1408 2196 1561 2234 Robert
1596 2197 1647 2235 de
1679 2197 1894 2242 Harwood,

305 2264 459 2300 Robert
494 2263 544 2300 de
576 2262 829 2312 Settrington,
853 2264 987 2311 Roget
1019 2261 1217 2307 Buchard‚
1248 2260 1419 2298 William
1456 2262 1711 2308 Goodworld,
1744 2263 1895 2300 Robert

304 2327 370 2364 del
391 2326 510 2373 Frith,
534 2326 710 2365 Richard
739 2340 810 2364 son
832 2327 877 2364 of
904 2326 1087 2372 Andrew,
1110 2326 1245 2374 Roger
1278 2325 1329 2363 de
1359 2326 1483 2372 Tofts,
1506 2326 1586 2363 and
1621 2322 1813 2364 Nicholas
1843 2327 1894 2365 de

304 2390 523 2437 Levisham‚
547 2404 671 2428 sworn
692 2392 885 2429 foresters.
944 2391 1031 2428 The
1053 2390 1144 2426 Earl
1164 2402 1205 2427 as
1227 2390 1387 2427 forester
1407 2390 1453 2427 of
1482 2390 1541 2427 fee
1571 2391 1650 2428 and
1680 2390 1739 2429 his
1768 2392 1895 2429 under

303 2456 485 2493 foresters
505 2455 662 2493 refused
683 2463 722 2493 to
744 2462 899 2504 present
920 2468 994 2503 any
1015 2455 1188 2492 offences
1209 2454 1254 2492 of
1268 2453 1434 2492 venison
1455 2467 1498 2492 or
1518 2462 1611 2502 vert,
1635 2469 1678 2493 or
1706 2463 1748 2494 to
1778 2457 1894 2494 make

304 2533 379 2569 any
399 2520 644 2557 attachment
676 2520 906 2569 thereupon.
964 2520 1051 2557 The
1073 2519 1163 2557 Earl
1183 2518 1301 2568 being
1321 2532 1343 2557 a
1365 2521 1495 2557 Baron
1525 2527 1630 2558 must
1659 2533 1808 2559 answer
1835 2522 1895 2559 for

305 2584 381 2622 this
402 2585 537 2622 before
557 2585 624 2622 the
646 2583 755 2634 King
774 2584 940 2623 himself.
1009 2634 1015 2637 .

357 2650 504 2687 Walter
524 2649 573 2687 de
594 2649 812 2688 Lithebeck
833 2648 1074 2700 (deceased),
1092 2649 1267 2687 Richard
1287 2649 1410 2695 Swan,
1430 2649 1559 2686 Adam
1581 2649 1631 2687 de
1650 2650 1892 2699 Upleatham

307 2711 393 2762 (put
409 2712 449 2750 in
466 2712 655 2762 exigent),
677 2712 849 2751 Richard
864 2714 1051 2751 Haldane
1068 2712 1310 2764 (deceased),
1328 2714 1408 2752 and
1421 2714 1553 2751 others
1569 2715 1780 2762 unknown,
1795 2728 1894 2754 were

306 2777 516 2825 presented
551 2778 610 2815 for
641 2778 726 2815 that
760 2790 812 2816 on
843 2778 914 2826 3rd
944 2778 1152 2827 February,
1174 2777 1214 2815 in
1235 2779 1301 2816 the
1321 2777 1429 2827 reign
1451 2779 1497 2816 of
1521 2780 1662 2828 Henry
1683 2781 1777 2826 HL,
1800 2780 1892 2829 they

305 2842 402 2879 took
421 2854 444 2879 a
464 2853 531 2879 roe
552 2840 591 2878 in
614 2842 753 2891 Scalby
775 2843 879 2890 Hay.
939 2842 1028 2880 One
1050 2842 1190 2890 Henry
1211 2843 1309 2889 Buss,
1332 2843 1418 2880 who
1439 2856 1515 2881 was
1545 2850 1616 2881 not
1635 2850 1676 2881 to
1697 2845 1746 2882 be
1767 2845 1892 2882 found

350 2937 365 2953 *
393 2937 431 2968 In
448 2937 503 2968 the
521 2937 655 2969 Printed
673 2937 838 2969 Caiendar
853 2937 888 2968 of
903 2938 1022 2968 Patent
1039 2937 1144 2975 Rolls,
1167 2937 1369 2978 1281—1292,
1387 2949 1443 2980 pp.
1468 2938 1539 2978 187,
1559 2948 1633 2977 220,
1653 2946 1726 2979 252,
1748 2951 1796 2972 we
1820 2941 1890 2971 find

304 2988 359 3018 the
376 2999 465 3019 same
477 2989 620 3029 Justices
636 2989 816 3031 appointed
845 2994 879 3020 to
907 2989 986 3019 hold
1014 2989 1128 3020 Forest
1158 2990 1259 3030 Eyres
1286 2989 1319 3020 in
1345 2990 1401 3021 the
1418 2989 1575 3022 Counties
1592 2990 1626 3021 of
1652 2991 1887 3031 Cumberland,

304 3038 561 3080 Northampton,
581 3041 811 3082 Nottingham,
831 3040 895 3071 and
914 3040 1100 3071 Lancaster.
