2044 3491
747 235 981 269 COUCHER
1013 234 1157 267 BooK.
1692 224 1748 276 69

157 336 409 384 Fissheburn,
430 337 655 387 Johannem
687 336 846 382 Morolf,
878 332 1150 372 Alexandrum
1180 334 1318 381 Pyper,
1341 332 1472 370 Adam
1502 331 1552 370 de
1575 331 1741 380 Helper-

156 401 272 450 thorp
286 408 324 439 et
339 403 557 440 Robertum
568 402 723 439 fratrem
738 401 833 449 ejus,
844 399 1083 437 Willelmum
1097 397 1237 447 Lyard,
1251 397 1472 435 Robertum
1487 396 1609 433 filium
1625 394 1741 433 Alani

154 465 191 503 le
213 467 405 514 Carecter,
428 467 653 516 Johannem
688 465 947 511 Munkeman,
970 464 1195 512 Johannem
1217 461 1341 499 filium
1369 462 1526 499 Thome
1546 461 1583 499 le
1603 461 1739 506 Salter,

155 531 396 568 Willelmum
439 531 490 569 de
522 531 654 577 Fifele,
686 532 825 579 Henry
853 531 890 568 le
935 531 1046 578 Lang
1087 529 1138 566 de
1179 526 1462 575 Scardeburgh,
1496 525 1739 563 Michaelum

155 591 295 646 [277b]
342 596 495 642 Rosels,
544 595 785 633 Nicholaum
832 595 1015 644 Pykstan‚
1056 593 1188 631 Adam
1234 593 1270 629 le
1319 591 1465 640 Spicer,
1510 590 1736 639 Johannem

154 658 277 696 filium
310 658 502 708 Johannis
536 659 604 697 filii
638 658 847 708 Augustini
878 659 928 697 de
950 657 1155 707 Pikeryng,
1179 658 1351 695 Alanum
1386 656 1509 694 filium
1542 653 1737 704 Johannis

152 723 190 761 16
224 722 421 762 Neuthird
451 724 501 762 de
534 725 765 773 Farmanby,
806 725 1022 773 Hugonem
1056 725 1214 772 Savage,
1252 722 1491 760 Willelmum
1526 720 1576 758 de
1614 720 1739 756 Thor-

153 794 386 837 nyngtwayt,
410 789 607 827 Thomam
629 790 665 827 16
689 791 875 839 Harpour
896 790 946 827 de
968 788 1258 834 Comburhalle,
1284 788 1500 836 Hugonem
1523 785 1573 823 de
1594 784 1736 829 Elam,

155 853 415 901 Radulphum
454 854 504 891 de
543 855 717 892 Sheffeld
753 855 803 892 de
844 853 1014 900 Kildale,
1056 853 1282 902 Johannem
1322 853 1453 901 Egton
1492 851 1542 888 (16
1582 848 1736 897 Danby,

155 917 379 966 Johannem
428 919 569 967 Wyles,
611 920 827 957 Walterum
875 920 911 957 16
958 920 1182 964 Tournour,
1231 918 1457 966 Johannem
1505 913 1739 953 servientem

153 981 347 1030 Johannis
386 983 437 1021 de
475 984 721 1030 Bmdesden,
758 984 980 1022 Henricum
1017 985 1114 1020 Man
1146 984 1190 1020 of
1218 981 1355 1029 Mem*
1393 980 1653 1018 Edmundum
1689 979 1739 1016 de

154 1047 356 1096 Waghere,
405 1048 632 1096 Johannern
682 1048 831 1095 Fichet,
871 1048 1113 1086 Willelmum
1160 1047 1281 1084 filium
1343 1045 1490 1094 Rogeri
1537 1045 1588 1083 de
1637 1045 1737 1089 Pert,

154 1111 380 1160 Johannem
416 1113 533 1151 Cruel
568 1119 606 1151 et
643 1113 900 1150 Edmundum
935 1111 1059 1149 filium
1093 1113 1187 1161 ejus,
1211 1111 1452 1149 Willelmum
1486 1111 1522 1147 16
1557 1111 1739 1155 Parcour,

153 1176 379 1224 Johannem
401 1176 553 1215 dictum
574 1178 649 1226 Jak
680 1179 801 1224 Hare,
823 1177 1063 1215 Willelmum
1094 1175 1218 1214 filium
1240 1178 1397 1214 Thome
1419 1176 1484 1214 (161
1507 1174 1738 1220 Hunthous,

154 1240 392 1278 VVillelmum
427 1242 478 1280 de
510 1242 662 1287 Everle‚
695 1242 922 1291 Johannem
954 1242 1004 1279 de
1041 1241 1222 1290 Daneby,
1245 1241 1470 1290 Johannem
1503 1241 1541 1277 16
1576 1239 1737 1285 Stalker‚

154 1304 391 1342 Willelmum
423 1305 546 1343 filium
581 1307 740 1344 Thome
771 1305 1104 1344 molendinarium
1138 1307 1188 1345 de
1226 1306 1385 1352 Daston,
1417 1305 1654 1343 Willelmum
1691 1304 1742 1341 de

155 1368 373 1407 Kirkeham
413 1371 714 1417 wodewardum,
754 1370 954 1408 Thomam
1002 1369 1126 1407 filium
1166 1369 1343 1416 Alberdi,
1386 1371 1589 1419 Rogerum
1619 1368 1742 1406 filium

153 1433 270 1471 Alani
291 1435 326 1473 16
348 1435 485 1474 Carter
505 1442 542 1473 et
564 1435 802 1473 Willelmum
824 1436 980 1473 fratrem
1001 1435 1097 1483 ejus,
1121 1435 1343 1472 Robertum
1374 1435 1424 1473 de
1457 1434 1740 1484 Helperthorp,

152 1499 380 1547 Johannem
427 1500 463 1537 16
513 1501 772 1546 Munkeman,
823 1499 1061 1538 Willelmurn
1111 1499 1237 1536 filium
1296 1498 1442 1547 Rogeri
1497 1500 1534 1537 16
1593 1499 1742 1542 carten

152 1565 379 1613 Johannem
418 1564 542 1603 filium
582 1564 732 1615 Rogeri
769 1565 820 1603 ad
855 1565 1038 1612 Crucem,
1075 1563 1318 1602 Willelmum
1350 1563 1475 1602 filium
1511 1563 1666 1613 Lygard
1705 1569 1743 1600 et

154 1629 420 1679 Reginaldum
479 1631 636 1669 fratrem
700 1631 796 1679 ejus,
846 1630 1043 1668 Thomam
1103 1635 1277 1667 sutorem
1339 1629 1389 1667 de
1452 1628 1740 1677 Scardeburgh‚

153 1695 371 1733 Walterum
413 1696 562 1742 Foune,
604 1696 841 1733 Anselmum
881 1695 932 1733 de
971 1696 1172 1743 Leyceter,
1213 1695 1410 1732 Thomam
1458 1694 1509 1732 de
1550 1693 1741 1739 Blishton,

153 1761 380 1810 Johannem
427 1759 663 1799 servientem
718 1759 884 1798 Roberti
947 1760 998 1798 de
1061 1761 1193 1809 Percy,
1245 1759 1462 1797 Ricardum
1510 1758 1560 1796 de
1609 1758 1741 1806 Sulby‚

154 1825 393 1863 Willelmum
416 1826 597 1872 Fossam,
616 1826 843 1875 Johannem
864 1825 915 1862 de
936 1824 1142 1871 Calveton‚
1162 1825 1383 1862 Robertum
1405 1822 1527 1860 filium
1549 1821 1744 1872 Johannis

154 1892 205 1929 de
227 1891 377 1940 Sealby,
399 1891 624 1940 Johannem
645 1889 879 1929 servientem
902 1889 1085 1927 Willelmi
1115 1890 1165 1927 de
1196 1889 1402 1927 Nafferton
1423 1886 1555 1925 vicarii
1576 1885 1743 1924 ecclesie

155 1956 205 1994 de
227 1956 379 2004 Scalby,
403 1955 618 1994 Ricardum
641 1955 763 1994 filium
788 1953 953 1993 Henrici
985 1955 1123 2001 Herre,
1147 1954 1387 1991 Willelmum
1417 1951 1540 1990 filium
1564 1951 1741 1997 Henrici,

154 2021 284 2059 Adam
318 2020 443 2058 filium
478 2020 642 2059 Henriei
683 2023 852 2070 Rappat‚
885 2020 1110 2068 Johannem
1143 2018 1403 2062 Abbotsone†
1427 2019 1478 2057 de
1505 2017 1741 2063 Roscedale‚

155 2085 378 2122 Robertum
399 2085 450 2123 de
472 2086 615 2133 Myton
635 2084 872 2123 servientem
893 2085 943 2122 de
965 2085 1003 2120 N
1008 2084 1209 2133 ormanby,
1234 2083 1452 2121 Ricardum
1474 2083 1524 2121 de
1545 2082 1740 2131 Spofford,

154 2150 376 2198 Jordanum
424 2150 475 2188 de
522 2150 784 2199 Aleyntostes,
834 2149 1052 2187 Ricardum
1100 2149 1151 2186 de
1208 2148 1389 2197 Shupton
1446 2148 1497 2186 de
1555 2148 1740 2193 Raskele,

156 2213 395 2251 Willelmum
416 2213 538 2252 filium
566 2212 713 2263 Rogeri
733 2214 768 2251 le
784 2214 920 2253 Carter
937 2211 1146 2262 juniorem,
1165 2212 1387 2250 Robertum
1409 2213 1499 2259 Cat,
1515 2212 1742 2261 Johannem

156 2280 207 2317 de
242 2279 477 2327 Gosnarch‡
515 2277 773 2325 forestarium,
808 2277 1025 2316 Ricardum
1058 2278 1213 2324 Russel,
1251 2276 1468 2316 Ricardum
1509 2278 1655 2326 Moryn
1693 2277 1744 2316 de

157 2344 393 2390 Roscedale,
415 2343 656 2382 Willelmum
692 2344 842 2381 Trotan
873 2343 925 2382 de
957 2344 1177 2392 Spaunton‚
1201 2344 1405 2392 Rogerum
1436 2342 1502 2380 del
1537 2341 1667 2380 Milne
1693 2343 1744 2380 de

157 2408 387 2455 Farnedale‚
419 2408 642 2446 Robertum
676 2405 799 2445 filium
833 2407 938 2446 Petri
972 2408 1022 2446 de
1054 2407 1263 2454 Farndale,
1286 2407 1500 2445 Walterum
1536 2407 1744 2454 Blachose‚

157 2472 419 2522 Radulphum
440 2472 505 2511 del
527 2472 672 2511 Heved
694 2479 732 2510 et
751 2471 992 2511 Willelrnum
1013 2472 1080 2511 del
1102 2472 1281 2521 Ergom§
1305 2472 1555 2521 capellanum
1572 2472 1623 2509 ad
1640 2470 1746 2509 satis-

155 2538 382 2576 faciendum
421 2537 586 2576 domino
619 2537 768 2576 Comiti
807 2537 857 2575 de
895 2537 1177 2587 redempcione
1218 2549 1289 2574 sua
1327 2548 1399 2585 pro
1438 2536 1746 2584 transgressione

156 2601 382 2641 venacionis
414 2601 454 2640 in
489 2603 633 2640 foresta
664 2601 738 2640 ista
770 2602 883 2650 facta,
918 2602 1025 2641 unde
1057 2614 1190 2640 coram
1224 2599 1383 2650 prefatis
1416 2599 1645 2649 Justiciariis
1681 2614 1749 2651 per

203 2707 218 2722 *
245 2707 360 2738 Homo
375 2706 556 2746 hominum,
576 2710 610 2738 at
626 2707 701 2739 Vol.
724 2707 786 2746 ΙΙ.,
806 2707 904 2746 N.S.,
925 2718 956 2749 p.
977 2707 1029 2746 86,
1049 2706 1115 2738 and
1143 2706 1304 2738 therefore
1320 2708 1379 2737 not
1395 2716 1432 2737 so
1455 2705 1576 2748 clearly
1593 2717 1612 2738 a
1628 2707 1691 2749 slip
1715 2718 1752 2739 as

159 2757 174 2788 1
193 2757 271 2789 then
286 2757 438 2799 thought.

201 2808 223 2844 †
245 2808 300 2839 An
324 2809 537 2850 explanation
565 2809 602 2841 of
618 2809 788 2851 Johannes
816 2809 901 2842 filius
928 2809 1027 2842 Abbe
1054 2813 1088 2841 at
1112 2809 1188 2841 Vol.
1222 2809 1282 2848 ΙΙ.,
1312 2808 1408 2848 N.S.,
1436 2820 1467 2850 p.
1493 2815 1562 2848 107.

201 2859 221 2895 ‡
244 2859 326 2890 Also
341 2859 470 2891 written
488 2860 673 2901 Gosnargh.

203 2911 222 2952 §
249 2911 295 2942 At
310 2910 428 2942 Yorks.
444 2911 544 2943 Arch.
567 2912 697 2952 Society
710 2911 856 2953 (Record
873 2910 1005 2951 Series),
1026 2911 1101 2943 Vol.
1116 2912 1214 2950 XII„
1231 2923 1261 2953 p.
1279 2910 1353 2951 298,
1371 2921 1418 2942 we
1433 2910 1500 2942 find
1515 2912 1639 2952 Ergum
1650 2922 1685 2944 as
1696 2912 1752 2944 the

158 2962 216 2994 old
238 2972 336 2994 name
353 2961 388 2993 of
409 2961 490 3003 Airy
509 2962 635 2994 Holme
652 2963 686 2994 in
703 2963 885 2995 Cleveland
901 2975 911 3001 ;
935 2963 1026 2995 there
1043 2973 1109 2995 was
1132 2964 1201 2995 also
1218 2963 1398 3004 Eryholme
1422 2973 1501 2993 near
1527 2962 1621 2994 Crost
1637 2974 1679 2995 on
1697 2964 1753 2996 the

159 3014 255 3052 Tees,
275 3024 322 3045 see
338 3014 371 3046 S.
395 3014 445 3055 P„
463 3025 493 3056 p.
515 3013 577 3046 228
592 3022 599 3045 ἰ
633 3014 690 3046 but
708 3015 853 3056 possibly
877 3015 1002 3056 Argam
1013 3025 1090 3047 near
1109 3014 1217 3046 North
1236 3015 1358 3046 Burton
1376 3014 1466 3055 gives
1484 3025 1519 3045 us
1537 3014 1591 3046 the
1605 3025 1700 3047 name
1719 3016 1752 3049 in

159 3065 225 3097 this
243 3066 346 3107 place.
