2044 3491
726 229 963 283 CoucrIER
995 231 1139 264 BOOK.
1649 235 1727 277 177

134 327 208 366 bus
229 326 303 366 illis
324 340 393 378 per
409 333 696 366 sacramentum
714 326 871 378 triginta
893 335 931 367 et
952 341 1019 367 sex
1032 328 1239 367 hominum
1257 341 1388 367 coram
1406 329 1722 380 quibuscumque

132 391 364 440 Justiciariis
404 394 454 432 de
494 395 650 440 foresta,
680 391 755 431 nisi
793 406 863 442 per
900 393 1102 431 viridarios
1143 400 1210 431 aut
1249 393 1471 432 forestarios
1511 395 1561 432 de
1600 396 1719 434 feodo

133 456 283 495 inventi
304 457 443 496 fuerint
463 470 554 495 cum
576 470 828 507 manuopere,
851 457 951 495 sieut
972 470 1013 496 se
1034 458 1253 496 defendunt
1275 459 1325 496 de
1346 458 1530 497 omnibus
1551 462 1719 509 appella-

133 521 315 560 cionibus
358 521 412 560 eis
448 521 571 569 factis,
603 521 677 559 nisi
711 522 761 560 de
796 535 961 571 corpore
1010 521 1142 572 Regis,
1173 529 1290 571 prout
1323 522 1363 560 in
1402 530 1507 561 carta
1542 524 1719 572 predicta

131 585 286 634 plenius
307 586 530 624 continetur
543 601 554 634 3
574 599 620 624 ac
637 587 719 635 jam
740 599 787 624 ex
807 594 916 636 parte
937 587 1154 625 eorundem
1175 586 1428 636 burgensium
1450 594 1489 625 et
1508 587 1717 627 hominum

133 649 248 688 nobis
278 649 326 688 sit
355 657 568 698 ostensum,
599 651 707 700 quod
735 650 827 689 licet
857 651 995 689 eadem
1027 650 1185 688 libertas
1207 650 1261 689 eis
1296 663 1428 688 coram
1450 651 1645 690 Willelmo
1666 653 1717 691 de

133 715 264 764 Vescy
284 722 322 754 et
351 714 466 754 sociis
487 714 564 753 suis
584 728 710 765 nuper
737 714 967 765 Justiciariis
988 714 1141 753 domini
1168 715 1351 753 Edwardi
1372 717 1574 766 quondam
1600 717 1716 767 Regis

133 777 285 828 Anglie‚
309 779 370 817 avi
390 779 523 826 nostri,
546 779 818 818 itinerantibus
852 781 903 818 ad
932 779 1076 829 placita
1105 780 1248 818 foreste
1277 780 1316 818 in
1347 781 1549 820 Comitatu
1572 783 1717 820 Ebora-

134 842 242 880 censi
261 844 428 882 allocata
457 843 592 882 fuisset
621 845 732 894 juxta
761 851 939 882 tenorem
973 851 1078 882 carte
1108 857 1178 883 sue
1211 844 1397 894 predicte,
1421 844 1554 884 dilecti
1584 853 1716 885 tamen

135 914 173 945 et
203 909 338 946 fideles
367 909 490 946 nostri
519 908 712 947 Ricardus
743 909 793 947 de
828 909 1047 959 Wylughby
1081 915 1119 948 et
1148 908 1245 947 socii
1279 909 1339 947 sui
1367 923 1473 948 nunc
1505 910 1716 959 Justiciarii

133 973 256 1010 nostri
285 973 512 1012 itinerantes
532 975 583 1012 ad
604 973 750 1023 placita
771 975 913 1012 foreste
934 973 974 1011 in
1003 975 1146 1012 foresta
1166 975 1216 1012 de
1237 973 1433 1024 Pikeryng
1452 974 1491 1012 in
1513 976 1716 1015 Comitatu

133 1037 312 1086 predicto
333 1039 499 1076 eandem
529 1038 748 1076 libertatem
769 1037 920 1077 eisdem
941 1038 1200 1088 burgensibus
1221 1045 1259 1077 et
1279 1039 1504 1078 hominibus
1525 1041 1716 1079 hactenus

134 1102 302 1141 allocare
332 1102 568 1147 distulerunt
596 1102 636 1140 in
671 1103 846 1153 ipsorum
877 1103 1130 1152 burgensium
1161 1110 1198 1141 et
1232 1103 1440 1141 hominum
1462 1104 1716 1154 dispendium

135 1179 216 1204 non
245 1167 447 1205 modicum
480 1174 520 1205 et
548 1180 769 1217 gravamen.
830 1168 956 1217 Super
987 1180 1068 1217 quo
1096 1166 1212 1205 nobis
1244 1167 1513 1217 supplicarunt
1543 1169 1616 1207 sibi
1650 1182 1720 1219 per

135 1243 207 1268 nos
228 1231 447 1270 remedium
477 1231 665 1270 adhiberi.
724 1233 810 1270 Nos
843 1233 1093 1270 advertentes
1128 1230 1342 1280 expediens
1377 1227 1462 1270 esse
1494 1234 1603 1281 quod
1637 1246 1720 1282 pre-

135 1294 263 1333 dictus
286 1296 479 1334 Ricardus
500 1304 538 1335 et
559 1296 656 1334 socii
677 1295 735 1334 sui
765 1296 931 1346 predicti
957 1308 1075 1346 super
1107 1296 1273 1334 recordo
1303 1302 1341 1334 et
1372 1309 1559 1345 processu
1581 1298 1721 1335 alloca-

134 1359 259 1398 cionis
307 1360 494 1399 libertatis
551 1361 727 1411 predicte
775 1374 907 1399 coram
954 1362 1106 1410 prefato
1145 1360 1344 1399 Willelmo
1392 1368 1430 1400 et
1479 1362 1595 1400 sociis
1642 1362 1721 1401 suis

134 1424 318 1474 predictis
339 1425 488 1464 eisdem
510 1425 770 1476 burgensibus
791 1432 829 1464 et
854 1424 1081 1463 hominibus
1103 1425 1204 1462 facte
1225 1437 1271 1463 ea
1300 1426 1350 1463 de
1371 1438 1490 1464 causa
1510 1426 1725 1465 cercioren-

135 1496 207 1536 tur‚
248 1489 360 1528 vobis
398 1491 633 1528 mandamus
681 1490 791 1539 quod
839 1488 1018 1527 scrutatis
1060 1488 1197 1527 rotulis
1240 1490 1407 1539 predicti
1445 1491 1630 1529 Willelmi
1673 1493 1724 1531 de

135 1552 274 1592 itinere
303 1553 493 1604 predicto,
517 1554 584 1604 qui
613 1555 724 1593 vobis
754 1567 822 1604 per
856 1553 1162 1592 Thesaurarium
1198 1560 1235 1592 et
1268 1555 1539 1594 Camerarium
1570 1563 1724 1595 nostros

136 1631 261 1668 nuper
290 1619 443 1658 liberati
474 1620 631 1657 fuerunt
666 1626 704 1658 et
739 1618 778 1656 in
813 1619 994 1657 custodia
1028 1626 1156 1657 vestra
1190 1619 1247 1656 sic
1282 1619 1453 1658 existunt
1487 1628 1529 1659 ut
1568 1621 1722 1670 dicitur,

135 1690 313 1722 tenorem
334 1684 487 1723 recordi
508 1692 545 1722 et
566 1697 774 1734 processus
803 1682 1058 1721 allocacionis
1085 1684 1315 1734 hujusmodi
1346 1685 1461 1724 nobis
1491 1685 1532 1724 in
1563 1687 1727 1726 Cancel-

134 1747 269 1786 lariam
299 1756 472 1787 nostram
506 1750 579 1787 sub
610 1748 735 1798 sigillo
770 1755 899 1786 vestro
929 1747 1114 1786 distincte
1149 1756 1186 1787 et
1218 1756 1352 1798 aperte
1387 1749 1549 1788 mittatis
1580 1758 1619 1789 et
1648 1752 1725 1790 hoc

135 1813 264 1860 breve,
296 1821 338 1851 ut
368 1813 528 1851 ulterius
566 1813 606 1851 in
646 1815 720 1851 hac
760 1820 870 1862 parte
909 1811 991 1850 fieri
1031 1812 1219 1850 faciamus
1255 1814 1364 1863 quod
1400 1815 1450 1852 de
1485 1816 1572 1864 jure
1610 1816 1726 1854 fuerit

135 1877 373 1917 faciendum.
451 1881 571 1917 Teste
609 1892 671 1917 me
711 1877 798 1927 ipso
837 1878 943 1927 apud
980 1878 1371 1917 Westmonasterium
1410 1878 1489 1928 xiiij
1527 1879 1593 1918 die
1626 1880 1724 1929 Julii

138 1954 243 1981 anno
263 1943 372 1993 regni
392 1943 515 1981 nostri
537 1943 761 1982 undecimo.

193 2008 314 2056 Quod
343 2008 504 2057 quidem
526 2009 643 2047 breve
664 2008 719 2046 sic
739 2009 961 2046 indorsatur
980 2010 1230 2047 z—Pretextu
1263 2009 1376 2058 cujus
1410 2009 1536 2048 brevis
1568 2010 1730 2049 scrutari

137 2071 302 2109 fecimus
333 2073 479 2111 rotulos
518 2074 568 2111 de
606 2072 744 2111 itinere
783 2073 968 2111 Willelmi
1007 2074 1056 2112 de
1095 2074 1225 2122 Vescy
1263 2081 1301 2111 et
1340 2073 1535 2112 sociorum
1570 2088 1729 2113 suorum

139 2135 450 2185 Justiciariorum
471 2136 743 2175 itinerancium
763 2138 814 2175 ad
836 2137 979 2187 placita
999 2139 1141 2176 foreste
1176 2137 1215 2175 in
1252 2138 1454 2177 Comitatu
1487 2139 1730 2177 Eboracensi

137 2200 178 2238 in
212 2200 392 2239 custodia
423 2208 555 2239 nostra
594 2200 848 2239 existencium
884 2200 917 2253 [?
948 2200 1189 2254 existentes}
1224 2209 1262 2240 et
1295 2209 1473 2241 tenorem
1506 2203 1660 2242 recordi
1690 2210 1729 2242 et

193 2329 291 2368 This
325 2329 654 2380 exemplification
674 2331 742 2369 the
777 2331 886 2381 King
915 2338 1002 2369 sent
1031 2344 1083 2369 on
1113 2338 1154 2369 to
1189 2331 1366 2370 Richard
1395 2333 1446 2370 de
1476 2332 1729 2384 Willoughby

140 2394 220 2432 and
236 2394 411 2433 directed
433 2394 526 2442 him,
549 2396 646 2432 after
658 2393 881 2445 inspecting
894 2395 934 2443 it,
949 2403 990 2434 to
1008 2397 1061 2434 do
1079 2395 1221 2445 justice
1237 2404 1278 2434 to
1295 2397 1362 2435 the
1383 2397 1596 2447 burgesses.
1639 2400 1728 2437 The

141 2458 222 2496 writ
241 2472 317 2497 was
338 2459 458 2497 dated
480 2460 532 2497 St.
550 2459 772 2506 Edrnunds,
791 2461 812 2496 6
826 2461 942 2509 June,
966 2472 1076 2510 1337.
1111 2462 1199 2499 The
1215 2461 1296 2499 writ
1313 2469 1352 2499 to
1371 2464 1501 2512 Ralph
1516 2464 1566 2501 de
1584 2464 1725 2511 Nevill,

141 2521 334 2572 directing
355 2521 434 2560 him
460 2530 501 2561 to
534 2524 631 2562 send
662 2525 730 2562 the
770 2525 1100 2574 exemplification
1131 2525 1215 2564 into
1247 2527 1313 2564 the
1348 2526 1485 2576 King's
1507 2528 1724 2578 Chancery,

141 2587 333 2624 followed.
394 2588 432 2624 It
465 2600 542 2625 was
580 2587 620 2625 in
654 2587 800 2627 similar
831 2596 960 2636 ternis,
983 2590 1104 2628 dated
1138 2598 1177 2628 at
1209 2590 1495 2639 Westminster,
1536 2606 1582 2639 14
1620 2594 1724 2643 July,

146 2661 258 2699 1337.
296 2651 332 2688 It
352 2651 447 2689 bore
467 2651 542 2689 this
563 2650 834 2691 indorsement
853 2668 860 2691 :
892 2655 950 2702 By
970 2653 1096 2692 virtue
1117 2656 1161 2692 of
1186 2654 1263 2693 this
1284 2655 1367 2710 writ
1386 2669 1441 2694 we
1458 2657 1557 2695 have
1578 2659 1725 2696 caused

140 2721 182 2752 to
212 2716 261 2752 be
282 2714 487 2763 inspected
507 2715 575 2754 the
594 2718 686 2755 rolls
707 2719 752 2755 of
774 2719 841 2755 the
864 2719 1000 2756 Forest
1023 2720 1124 2767 Eyre
1144 2719 1184 2756 in
1215 2720 1280 2758 the
1306 2721 1465 2770 County
1485 2722 1529 2759 of
1553 2723 1661 2760 York
1685 2723 1730 2760 of

142 2778 312 2816 William
343 2779 394 2816 de
426 2780 555 2829 Vescy
575 2782 654 2819 and
687 2781 747 2820 his
777 2783 923 2820 fellows
958 2782 1084 2820 which
1118 2796 1184 2821 are
1212 2782 1252 2821 in
1283 2797 1355 2822 our
1375 2786 1551 2834 custody,
1574 2787 1652 2824 and
1673 2800 1724 2824 an

143 2843 470 2893 exemplification
491 2846 536 2882 of
562 2845 689 2883 which
719 2859 775 2885 we
805 2847 903 2885 send
933 2860 1036 2886 sewn
1058 2855 1098 2885 to
1119 2847 1195 2885 this
1217 2848 1307 2886 writ.
1369 2850 1455 2888 The
1476 2850 1672 2900 following
1693 2851 1724 2889 is

139 2908 206 2946 the
235 2909 373 2946 record
403 2909 448 2946 of
475 2909 541 2946 the
562 2911 675 2948 Pleas
696 2911 739 2948 of
764 2911 831 2949 the
852 2913 988 2950 Forest
1018 2912 1110 2951 held
1144 2919 1184 2950 at
1213 2914 1487 2963 Scarborough
1520 2915 1560 2952 in
1595 2918 1725 2966 1285-

146 2973 246 3010 1286
276 2973 409 3010 before
441 2972 499 3011 Sir
527 2973 696 3012 William
726 2976 777 3013 de
805 2977 946 3026 Vescy,
970 2976 1029 3014 Sir
1057 2977 1233 3015 Thomas
1264 2978 1314 3015 de
1345 2978 1615 3017 Normanville
1645 2982 1725 3019 and

142 3036 201 3074 Sir
221 3035 395 3075 Richard
416 3038 466 3075 de
488 3037 697 3089 Crepping,
720 3039 888 3088 Justices
909 3043 953 3078 os
970 3041 1035 3079 the
1058 3042 1194 3079 Forest
1214 3041 1397 3080 itinerant
1418 3042 1457 3080 in
1479 3043 1544 3082 the
1566 3045 1726 3095 County

197 3112 284 3139 VOL.
319 3113 391 3149 111.‚
424 3114 498 3141 N.s.
1535 3119 1563 3144 N
