2044 3491
200 166 278 207 168
561 172 735 205 DUCHY
767 172 828 204 OF
861 170 1154 203 LANCASTER
1185 169 1421 203 RECORDS.

197 271 419 323 predictum
441 269 526 309 sine
545 269 630 309 visu
649 269 942 309 forestariorum
971 282 1042 320 pro
1073 270 1278 308 voluntate
1309 281 1380 307 sua
1419 268 1570 318 absque
1604 267 1795 317 interrup·

200 336 316 375 cione
335 334 506 385 aliquali,
530 342 568 373 et
588 336 666 374 hoc
685 343 842 386 paratus
873 342 931 373 est
958 334 1159 374 verificare
1187 347 1258 384 per
1285 332 1484 371 ministros
1513 333 1622 372 istius
1652 334 1795 371 foreste

201 410 275 441 etc.
334 402 435 439 Ideo
455 399 670 449 inquiratur
697 401 792 440 inde
820 400 961 439 veritas
991 413 1060 450 per
1088 401 1262 438 eosdem.
1323 396 1404 446 Qui
1424 397 1571 436 scilicet
1591 395 1793 442 forestarii,

202 466 373 506 viridarii
393 477 432 508 et
451 469 718 519 regardatores
738 466 789 504 ad
808 466 887 504 hoc
913 465 1029 514 jurati
1059 465 1198 503 dicunt
1225 476 1342 513 super
1371 470 1659 501 sacramentum
1680 474 1796 500 suum

204 536 315 585 quod
335 536 534 586 predictus
565 532 766 573 Henricus
796 534 847 571 de
876 534 1000 581 Percy
1029 539 1067 571 et
1088 544 1227 570 omnes
1248 537 1517 568 antecessores
1537 527 1597 565 sui
1618 532 1797 565 tenentes

205 600 424 639 manerium
445 600 667 651 predictum
688 611 711 636 a
730 605 911 647 tempore
931 610 1012 646 quo
1031 609 1113 634 non
1143 602 1248 634 extat
1278 593 1469 633 memoria
1497 600 1536 631 et
1571 592 1654 630 sine
1683 590 1798 628 inter-

205 664 397 714 rupcione
435 663 594 714 aliquali
630 669 843 701 tenuerunt
880 661 1101 711 predictum
1149 659 1366 697 manerium
1415 659 1465 697 de
1508 659 1668 696 Semere
1705 667 1797 693 cum

206 729 459 778 pertinenciis
497 729 676 778 ejusdem
715 725 880 764 manerii
918 733 1025 764 extra
1063 725 1270 775 regardum
1309 725 1464 768 foreste,
1507 729 1545 760 et
1574 722 1800 758 habuerunt

207 794 495 832 wodewardum
516 798 738 843 portantem
760 803 893 829 arcum
915 797 953 829 et
973 789 1131 839 sagittas
1152 790 1202 828 ad
1216 789 1524 839 presentandum
1537 784 1801 836 presentanda

207 858 259 897 de
279 857 497 897 venacione
517 863 682 902 tantum,
705 862 743 893 et
762 855 985 893 habuerunt
1004 853 1168 892 liberam
1194 866 1418 892 warennam
1439 851 1480 889 in
1509 849 1686 889 manerio
1716 861 1802 898 pre-

208 921 317 961 dicto
348 921 508 972 ubique,
531 929 570 960 et
607 920 756 959 ibidem
795 921 978 969 fugarunt
1012 925 1050 957 et
1084 926 1274 968 ceperunt
1303 919 1450 968 vulpes,
1482 917 1647 966 lepores,
1678 920 1799 959 eatOS,

209 986 404 1036 capriolos
425 994 463 1025 et
483 993 659 1025 tessones
679 992 759 1022 tarn
780 983 880 1022 infra
914 990 1145 1033 coopertum
1180 996 1300 1033 quam
1336 990 1453 1029 extra,
1486 988 1524 1020 et
1554 979 1803 1019 eradicarunt

209 1052 391 1090 brueram
412 1050 452 1089 in
472 1063 584 1089 mora
613 1057 652 1088 et
680 1050 786 1087 illam
815 1047 1079 1087 vendiderunt
1108 1055 1147 1085 et
1176 1048 1371 1086 dederunt
1400 1060 1472 1096 pro
1499 1047 1701 1084 voluntate
1722 1057 1802 1090 sua,

211 1123 250 1154 et
278 1116 499 1154 habuerunt
527 1115 568 1152 in
596 1114 727 1153 boscis
761 1113 840 1151 suis
870 1114 920 1151 de
953 1113 1111 1151 Semere
1142 1113 1293 1161 forgeas
1324 1118 1362 1149 et
1390 1111 1571 1156 mineras,
1607 1108 1804 1147 vaccarias

211 1188 250 1219 et
288 1180 492 1227 bercarias,
514 1186 553 1218 et
587 1178 802 1229 agistarunt
836 1185 875 1216 et
910 1176 1167 1227 agistamenta
1201 1177 1425 1214 habuerunt
1458 1175 1557 1213 infra
1585 1173 1804 1212 manerium

210 1244 431 1295 predictum
452 1243 602 1294 ubique
621 1243 661 1281 in
682 1242 814 1281 boscis
836 1249 874 1280 et
895 1241 1015 1280 moris
1035 1248 1073 1279 et
1093 1240 1186 1279 alibi
1206 1240 1305 1279 infra
1333 1240 1483 1279 dictum
1513 1239 1744 1284 manerium,
1766 1244 1804 1276 et

211 1317 463 1360 amputarunt
492 1316 531 1348 et
560 1310 756 1347 dederunt
786 1315 824 1346 et
854 1306 1117 1345 vendiderunt
1137 1307 1303 1344 boscum
1327 1318 1441 1343 suum
1464 1305 1564 1342 infra
1583 1303 1803 1342 manerium

210 1375 431 1425 predictum
466 1373 550 1412 sine
587 1373 673 1411 visu
719 1371 1011 1411 forestariorum
1051 1384 1122 1420 pro
1170 1371 1372 1409 voluntate
1419 1383 1498 1416 sua,
1549 1369 1650 1407 sicut
1696 1366 1804 1405 idem

211 1440 412 1479 Henricus
434 1440 484 1478 de
506 1441 627 1488 Percy
648 1437 825 1487 superius
846 1437 1000 1474 clamat.
1061 1437 1112 1473 Et
1133 1435 1225 1486 quia
1245 1442 1491 1485 compertum
1521 1440 1580 1472 est
1613 1445 1682 1482 per
1701 1444 1806 1470 vere-

211 1505 361 1544 dictum
400 1503 666 1542 ministrorum
699 1502 811 1540 istius
843 1503 986 1540 foreste
1020 1501 1131 1550 quod
1165 1499 1273 1538 idem
1305 1499 1505 1538 Henricus
1534 1499 1585 1537 de
1615 1500 1738 1547 Percy
1767 1504 1807 1535 et

211 1583 350 1609 omnes
370 1576 640 1608 antecessores
660 1566 720 1605 sui
740 1573 922 1605 tenentes
943 1564 1162 1603 manerium
1183 1564 1405 1614 predictum
1426 1565 1650 1602 habuerunt
1678 1562 1808 1600 wode-

211 1634 384 1672 wardum
405 1645 519 1670 suum
540 1635 764 1680 portantem
785 1641 919 1666 arcum
942 1635 979 1666 et
1001 1628 1158 1677 sagittas
1179 1629 1219 1666 in
1248 1629 1379 1667 boscis
1415 1628 1492 1667 suis
1524 1627 1709 1678 predictis
1739 1626 1807 1676 qui

213 1704 304 1736 sunt
337 1696 438 1734 infra
468 1695 612 1735 limites
647 1695 789 1732 foreste
820 1691 997 1742 predicte
1030 1694 1081 1731 ad
1113 1694 1423 1742 presentandum
1457 1693 1722 1743 presentanda
1755 1692 1807 1730 de

211 1761 430 1801 venacione
449 1767 614 1807 tantum,
637 1759 704 1809 qui
724 1758 886 1808 quidem
908 1758 1173 1797 wodewardus
1205 1765 1366 1808 portans
1402 1756 1542 1810 [317b]
1578 1756 1808 1807 hujusmodi

212 1839 346 1866 arcum
377 1833 415 1864 et
443 1824 601 1874 sagittas
628 1831 686 1862 est
716 1829 853 1861 contra
882 1821 1044 1860 assisam
1074 1823 1217 1860 foreste
1246 1829 1285 1860 et
1314 1823 1365 1860 de
1390 1821 1493 1860 facili
1513 1822 1655 1860 cedere
1675 1827 1808 1870 posset

211 1891 252 1931 in
274 1889 589 1931 destruccionem
611 1890 779 1927 ferarum
798 1886 950 1927 domini
970 1888 1149 1936 ejusdem
1170 1888 1324 1934 foreste,
1342 1887 1513 1925 maxime
1529 1899 1619 1924 cum
1642 1885 1808 1936 quilibet

212 2030 277 2067 An
298 2026 452 2078 inquiry
472 2026 503 2064 is
524 2025 712 2071 directed,
734 2024 814 2062 and
845 2023 874 2062 it
902 2023 934 2061 is
966 2024 1090 2062 found
1119 2024 1203 2063 that
1235 2026 1375 2075 Henry
1405 2026 1455 2063 de
1486 2026 1609 2074 Percy
1637 2024 1717 2062 and
1745 2023 1808 2062 his

212 2099 412 2131 ancestors
451 2090 615 2140 holding
653 2090 720 2127 the
758 2101 897 2127 manor
935 2089 980 2127 of
1014 2089 1174 2127 Seamer
1212 2089 1311 2128 have
1359 2090 1530 2139 enjoyed
1573 2089 1642 2128 the
1684 2088 1806 2138 rights

213 2156 382 2196 claimed
402 2157 502 2194 from
523 2155 616 2193 time
636 2153 896 2193 immemorial
917 2152 1078 2191 without
1098 2153 1368 2203 interruption.
1429 2153 1546 2193 Since
1566 2154 1634 2192 the
1653 2153 1806 2192 verdict

213 2222 339 2260 found
376 2221 460 2259 that
494 2221 633 2268 Henry
661 2219 712 2257 de
743 2220 866 2267 Percy
895 2218 974 2256 and
1002 2219 1053 2255 all
1082 2217 1141 2256 his
1172 2226 1372 2258 ancestors
1401 2219 1514 2257 while
1544 2219 1708 2268 holding
1738 2219 1807 2256 the

213 2298 353 2324 manor
371 2285 451 2323 had
470 2283 571 2322 their
591 2282 812 2321 woodward
831 2281 1007 2331 carrying
1026 2294 1049 2319 a
1069 2282 1157 2320 bow
1183 2284 1262 2321 and
1295 2296 1435 2322 arrows
1469 2283 1510 2321 in
1541 2282 1643 2322 their
1670 2283 1806 2321 woods

215 2350 349 2389 within
369 2350 436 2388 the
455 2350 575 2387 forest
594 2355 635 2386 to
655 2354 814 2397 present
834 2348 1007 2385 offences
1037 2348 1081 2384 of
1105 2346 1271 2385 venison
1301 2348 1404 2398 only,
1426 2347 1553 2386 which
1574 2348 1606 2385 is
1627 2354 1808 2396 contrary

216 2423 258 2455 to
288 2415 355 2453 the
388 2413 511 2452 assize
540 2414 586 2451 of
608 2413 676 2450 the
705 2412 824 2450 forest
853 2412 933 2449 and
961 2410 1085 2460 might
1115 2410 1234 2460 easily
1263 2412 1359 2450 tend
1387 2418 1428 2450 to
1458 2413 1525 2451 the
1562 2411 1807 2451 destruction

216 2481 260 2518 of
275 2479 342 2519 the
363 2479 486 2518 Earl's
505 2490 630 2529 game‚
653 2475 861 2526 especially
880 2489 923 2515 as
943 2477 996 2525 by
1015 2476 1082 2514 the
1101 2475 1224 2514 assize
1244 2477 1289 2514 of
1315 2476 1382 2515 the
1401 2477 1521 2515 forest
1554 2477 1651 2514 each
1680 2476 1812 2515 wood-

216 2545 320 2584 ward
340 2544 463 2594 ought
483 2550 523 2582 to
544 2555 651 2592 carry
680 2555 704 2580 a
731 2541 891 2579 hatchet
921 2541 1024 2590 only,
1056 2541 1136 2578 and
1166 2547 1236 2578 not
1264 2554 1288 2579 a
1317 2541 1405 2579 bow
1432 2542 1512 2580 and
1538 2553 1670 2588 arrow,
1692 2553 1737 2579 so
1766 2553 1809 2578 as

217 2616 259 2650 to
279 2608 396 2648 avoid
416 2609 466 2646 all
487 2606 684 2657 suspicion
705 2607 750 2645 of
777 2605 985 2656 poaching,
1008 2605 1087 2643 and
1117 2612 1159 2643 to
1192 2611 1350 2654 present
1383 2605 1557 2643 offences
1586 2606 1632 2643 of
1655 2611 1738 2643 vert
1766 2617 1809 2642 as

219 2674 304 2712 well
323 2685 365 2711 as
385 2671 548 2711 venison
558 2685 569 2719 3
599 2669 719 2717 since,
742 2682 955 2716 moreover,
977 2669 1006 2707 it
1026 2682 1103 2708 was
1123 2670 1206 2707 also
1227 2670 1350 2708 found
1363 2670 1448 2707 that
1465 2671 1603 2718 Henry
1617 2670 1668 2708 de
1685 2671 1809 2719 Percy

219 2738 299 2778 and
318 2738 370 2776 all
389 2737 449 2775 his
469 2743 669 2775 ancestors
690 2735 789 2774 have
809 2735 961 2773 hunted
994 2734 1074 2772 and
1107 2734 1227 2772 taken
1255 2734 1369 2772 roes*
1399 2741 1438 2772 at
1470 2735 1651 2784 pleasure
1679 2733 1721 2771 in
1749 2733 1810 2772 his

265 2847 281 2863 *
307 2847 408 2877 From
435 2845 500 2878 this
526 2844 616 2876 word
644 2843 794 2885 Serjeant
818 2842 1023 2879 Fleetwood‚
1050 2841 1084 2872 in
1111 2841 1162 2873 his
1186 2841 1325 2883 reading
1349 2852 1393 2873 on
1420 2841 1477 2873 the
1507 2840 1684 2882 Pickering
1708 2841 1805 2882 Eyre,

220 2903 255 2930 at
281 2898 338 2929 fol.
371 2906 424 2938 23,
458 2897 557 2929 infers
584 2896 656 2928 that
682 2896 717 2927 in
740 2894 830 2936 early
855 2894 952 2926 times
973 2898 1066 2933 goats
1091 2903 1176 2924 were
1200 2893 1335 2925 hunted.
1399 2893 1432 2924 A
1460 2898 1550 2931 note,
1579 2893 1741 2931 however,
1774 2893 1810 2924 in

220 2947 381 2989 Agarde’s
398 2949 515 2987 Index,
534 2948 639 2984 CV1.,
656 2947 712 2979 fol.
736 2947 831 2987 103d‚
851 2950 926 2986 puts
942 2945 998 2976 the
1014 2949 1133 2976 matter
1148 2944 1236 2985 right
1250 2944 1331 2976 :—“
1342 2944 1434 2975 Nota
1456 2944 1510 2976 hic
1527 2943 1720 2984 Capriolum
1744 2942 1810 2974 dici

220 3000 359 3032 bestiam
375 3000 416 3034 de
433 3000 592 3038 Warrena
608 3004 641 3031 et
656 3003 692 3031 ut
707 2998 807 3035 credo
823 2997 914 3033 illam
931 3006 1000 3029 esse
1017 2996 1157 3034 bestiam
1173 3006 1273 3042 quam
1289 2996 1430 3038 Anglice
1447 3005 1603 3029 vocamus
1619 3005 1639 3026 a
1657 2993 1764 3027 Roe.’¹

2029 129 2044 183 -,,
2027 60 2031 86 ,Α
