2044 3491
256 214 334 255 192
917 210 1185 242 APPENDIX.

249 323 317 349 sex
354 322 530 348 acrarum
568 307 668 359 prati
706 315 745 347 et
793 307 951 358 triginta
995 307 1252 346 solidatarum
1285 307 1463 347 redditus
1509 308 1561 347 de
1601 305 1839 347 tenementis

247 375 446 425 predictis,
481 387 528 413 ac
566 373 691 413 eciam
730 373 888 424 prefatis
925 372 1103 423 Johanni
1135 372 1216 410 filio
1250 373 1418 422 predicti
1451 373 1646 422 Johannis
1677 375 1834 422 Moryn,

251 439 425 478 Ricardo
463 446 502 478 et
539 438 685 489 Agneti
723 446 762 477 et
790 438 966 488 Johanni
996 439 1047 477 de
1077 439 1233 476 Malton
1264 439 1372 488 quod
1403 445 1533 477 essent
1562 451 1695 476 coram
1726 439 1838 486 Rege

249 512 322 551 etc,
363 506 414 543 ad
451 504 677 543 faciendum
707 505 814 554 quod
848 504 964 542 breve
1008 501 1129 551 Regis
1169 502 1330 552 requirit
1371 510 1443 549 etc,
1481 515 1551 552 per
1594 502 1836 540 Nicholaum

251 570 414 608 Haldan
444 576 484 608 et
517 570 717 607 Thomam
748 570 785 606 le
816 570 1006 613 Forester,
1039 566 1106 616 qui
1136 566 1298 616 quidem
1329 567 1525 606 Ricardus
1555 569 1605 606 de
1636 568 1769 617 Dalby
1797 573 1836 604 et

249 634 454 683 Johannes
474 632 573 671 filius
593 632 787 682 Johannis
809 633 859 671 de
881 633 1049 678 Malton‚
1084 631 1288 680 Johannes
1317 631 1418 670 filius
1447 631 1616 681 predicti
1645 630 1838 681 Johannis

251 700 407 748 Moryn,
447 699 652 744 Ricardus‚
689 699 823 748 Agnes
853 704 892 736 et
920 697 1124 746 Johannes
1159 697 1210 734 de
1241 697 1397 734 Malton
1426 704 1566 746 quarto
1605 696 1670 734 die
1701 694 1836 745 placiti

250 763 508 813 solempnitur
538 762 666 801 vocati
694 775 776 801 non
804 761 968 800 veniunt
982 775 992 809 ;
1022 768 1060 799 et
1090 773 1208 810 super
1227 761 1305 799 hoc
1332 761 1518 799 dominus
1539 762 1626 799 Rex
1647 759 1752 798 misit
1773 759 1837 797 hic

250 829 454 878 quoddam
476 828 592 866 breve
613 826 767 866 domini
788 826 908 876 Regis
938 827 1115 864 clausurn
1145 825 1185 863 in
1215 826 1289 863 hec
1318 826 1447 864 verba.
1508 826 1725 864 Edwardus
1757 823 1835 863 Dei

249 892 378 944 gracia
416 894 505 931 Rex
543 891 687 941 Anglie
730 899 768 930 et
809 890 973 929 Francie
1016 897 1055 928 et
1104 889 1302 927 Dominus
1352 890 1547 928 Hibernie
1595 888 1749 928 dilectis
1797 895 1836 926 et

247 957 430 996 fidelibus
452 955 530 995 suis
551 957 747 995 Willelmo
769 957 862 994 Scot
882 963 920 994 et
941 954 1057 993 sociis
1079 954 1157 993 suis
1177 954 1409 1004 Justiciariis
1444 956 1495 993 ad
1524 954 1670 1004 placita
1698 966 1834 991 coram

247 1022 363 1060 nobis
401 1022 574 1060 tenenda
611 1019 815 1070 assignatis
847 1021 1022 1058 salutem.
1084 1019 1298 1067 Quandam
1331 1018 1666 1057 certificacionem
1699 1030 1834 1055 coram

249 1086 364 1125 nobis
385 1086 425 1124 in
455 1083 699 1125 Cancellaria
729 1092 862 1122 nostra
890 1097 959 1134 per
988 1082 1296 1122 Thesaurarium
1327 1090 1365 1121 et
1395 1083 1643 1123 Camerarios
1678 1089 1834 1120 nostros

248 1152 300 1190 de
320 1150 508 1188 mandato
538 1156 673 1187 nostro
703 1149 862 1187 missam
898 1148 1118 1187 manerium
1148 1148 1198 1186 de
1229 1148 1436 1197 Pykeryng
1464 1155 1692 1197 tangentem
1721 1145 1834 1184 vobis

247 1214 438 1253 mittimus
472 1213 718 1264 presentibus
750 1214 954 1260 inclusam,
978 1220 1019 1250 ut
1049 1213 1132 1251 visa
1162 1211 1454 1250 certificacione
1485 1212 1551 1250 illa
1584 1212 1625 1249 in
1658 1212 1835 1261 quodam

247 1280 408 1330 negotio
435 1280 635 1330 pendente
668 1292 802 1317 coram
836 1277 951 1316 nobis
983 1291 1052 1328 per
1085 1279 1203 1316 breve
1235 1284 1414 1315 nostrum
1435 1278 1484 1315 ad
1505 1276 1834 1326 prosecucionem

247 1345 381 1384 dilecti
419 1344 702 1394 consanguinei
749 1352 788 1382 et
835 1343 962 1382 fidelis
1010 1342 1135 1381 nostri
1183 1341 1350 1380 Henrici
1399 1341 1566 1381 Comitis
1608 1340 1836 1379 Lancastrie

248 1409 282 1463 [?
302 1408 471 1462 domini]
494 1408 657 1448 manerii
677 1407 844 1458 predicti
864 1409 973 1458 quod
994 1415 1052 1446 est
1072 1408 1123 1446 de
1143 1406 1308 1456 antiquo
1329 1406 1533 1445 dominico
1555 1419 1704 1444 corone
1725 1405 1835 1455 regni

246 1475 370 1514 nostri
401 1474 544 1524 Anglie
573 1481 615 1512 ut
650 1473 804 1520 dicitur,
828 1486 944 1522 super
976 1470 1255 1511 adnullacione
1286 1471 1495 1518 cujusdam
1528 1469 1617 1508 finis
1647 1469 1764 1508 levati
1793 1469 1835 1507 in

247 1539 367 1580 Curia
387 1548 519 1577 nostra
540 1551 645 1577 anno
666 1538 774 1587 regni
794 1536 917 1576 nostri
937 1537 1080 1587 Anglie
1101 1535 1271 1586 septimo
1305 1548 1439 1573 coram
1472 1543 1568 1574 tunc
1602 1533 1834 1584 Justiciariis

245 1603 388 1643 nostris
410 1605 461 1642 de
496 1605 631 1641 Banco
666 1616 734 1653 per
768 1603 885 1641 breve
916 1610 1096 1640 nostrum
1129 1598 1162 1652 [Ρ
1195 1599 1312 1653 inter]
1348 1602 1572 1650 Johannem
1611 1602 1754 1649 Moryn
1783 1600 1836 1637 de

246 1671 465 1718 Brompton
488 1675 527 1707 et
548 1666 769 1706 Dionisiam
815 1679 978 1705 uxorem
1003 1673 1212 1716 querentes
1233 1673 1272 1704 et
1292 1666 1521 1716 Johannem
1556 1665 1607 1703 de
1639 1664 1835 1714 Wykham

246 1741 285 1772 et
304 1734 528 1783 Johannem
563 1734 614 1771 de
646 1734 849 1781 Snaynton
884 1731 1147 1770 deforciantes
1185 1732 1236 1768 de
1269 1743 1350 1768 uno
1386 1729 1601 1779 mesuagio,
1624 1729 1765 1767 decem
1795 1735 1835 1766 et

245 1805 337 1837 octo
358 1797 476 1844 tostis,
499 1797 656 1847 triginta
677 1804 715 1836 et
735 1804 904 1846 quatuor
924 1795 1076 1835 bovatis
1099 1802 1136 1834 et
1157 1793 1443 1844 quinquaginta
1462 1793 1561 1832 acris
1591 1800 1702 1840 terre,
1724 1792 1836 1842 quin-

245 1862 376 1902 decim
410 1862 508 1901 acris
546 1862 646 1912 prati
686 1869 724 1900 et
763 1861 919 1911 triginta
958 1860 1133 1900 solidatis
1166 1859 1342 1898 redditus
1381 1872 1471 1896 cum
1510 1857 1763 1908 pertinenciis
1792 1856 1832 1894 in

244 1929 478 1977 Brompton‚
520 1927 664 1965 Salden
705 1933 743 1964 et
774 1927 988 1974 Snaynton‚
1021 1925 1071 1963 de
1102 1924 1245 1975 quibus
1275 1923 1437 1973 quidem
1481 1921 1719 1961 tenementis
1753 1934 1835 1960 sex-

244 1992 374 2031 decim
395 1993 503 2038 tofta,
525 1990 739 2030 duodecim
760 1990 903 2028 bovate
924 1997 962 2028 et
982 1988 1242 2040 quadraginta
1262 2001 1351 2026 acre
1372 1995 1485 2035 terre,
1508 2000 1574 2025 sex
1609 2000 1698 2025 acre
1733 1986 1833 2036 prati

244 2063 282 2095 et
303 2055 459 2106 triginta
478 2055 645 2094 solidate
666 2054 841 2093 redditus
863 2061 1046 2092 tenentur
1067 2055 1118 2093 de
1137 2054 1288 2103 prefato
1309 2051 1468 2092 Comite
1499 2059 1542 2090 ut
1577 2053 1627 2090 de
1657 2050 1832 2089 manerio

243 2120 423 2171 predicto
446 2128 484 2159 et
504 2120 544 2158 in
566 2120 686 2160 Curia
707 2118 872 2158 manerii
892 2119 994 2157 illius
1030 2119 1251 2158 secundum
1285 2116 1616 2156 consuetudinem
1651 2117 1831 2166 ejusdem

243 2194 282 2224 et
302 2199 383 2224 non
405 2186 456 2224 ad
477 2198 732 2223 communem
752 2185 879 2233 legem
901 2191 992 2221 sunt
1012 2183 1259 2233 placstabilia,
1284 2183 1383 2221 sicut
1403 2182 1509 2220 idem
1543 2183 1690 2222 Comes
1719 2180 1829 2227 dicit,

242 2249 460 2288 consultius
482 2250 609 2287 facere
630 2247 790 2286 valeatis
811 2248 922 2297 quod
942 2248 992 2285 de
1010 2249 1097 2296 jure
1118 2256 1156 2286 et
1178 2247 1398 2285 secundum
1427 2247 1556 2295 legem
1577 2245 1687 2295 regni
1708 2244 1831 2283 nostri

243 2389 328 2414 mas
348 2378 478 2423 Term,
501 2374 653 2425 against
673 2375 740 2412 the
761 2374 955 2423 quashing
988 2375 1032 2412 of
1055 2374 1122 2411 the
1155 2375 1245 2411 fine.
1302 2374 1391 2410 The
1423 2373 1514 2410 Earl
1542 2373 1622 2411 and
1651 2373 1758 2421 John
1779 2373 1830 2410 de

243 2440 435 2479 Snainton
455 2440 554 2478 both
574 2440 773 2488 appeared
794 2439 833 2476 in
855 2437 931 2476 this
960 2444 1059 2475 term
1090 2439 1141 2487 by
1161 2437 1262 2476 their
1281 2436 1499 2486 respective
1519 2436 1717 2483 attornies‚
1749 2437 1830 2475 and

243 2506 311 2543 the
341 2504 487 2543 Sheriff
514 2504 700 2542 returned
732 2504 816 2541 that
839 2503 963 2552 Hugh
995 2503 1046 2540 de
1066 2500 1197 2540 Nevill
1231 2502 1310 2540 had
1330 2502 1476 2540 caused
1495 2501 1562 2538 the
1583 2514 1830 2539 summonses

243 2576 285 2607 to
315 2569 423 2606 show
452 2580 570 2606 cause
598 2574 639 2605 to
671 2568 721 2605 be
755 2567 895 2605 served
928 2568 978 2615 by
1012 2565 1203 2604 Nicholas
1239 2566 1403 2604 Haldan
1436 2565 1518 2604 and
1552 2566 1727 2604 Thomas
1761 2566 1830 2604 the

244 2635 427 2671 Forester
446 2645 556 2682 upon
576 2632 644 2670 the
678 2632 827 2670 several
859 2637 1016 2669 tenants
1048 2632 1127 2669 and
1157 2631 1224 2669 the
1254 2644 1417 2680 persons
1447 2630 1488 2668 in
1517 2631 1583 2669 the
1604 2630 1736 2677 entail,
1757 2631 1829 2669 but

240 2709 348 2735 none
398 2697 444 2734 of
484 2697 593 2734 them
640 2695 840 2744 appeared
879 2707 931 2732 on
979 2695 1047 2733 the
1079 2695 1211 2732 fourth
1250 2695 1338 2744 day.
1410 2696 1447 2733 A
1476 2694 1570 2741 writ‚
1609 2695 1738 2733 tested
1775 2695 1829 2744 by

243 2761 422 2807 Edward,
447 2761 564 2798 Duke
594 2761 639 2798 of
663 2760 858 2799 Cornwall
887 2759 966 2797 and
997 2759 1088 2796 Earl
1118 2760 1163 2796 of
1188 2760 1366 2804 Chester,
1401 2765 1440 2796 at
1471 2758 1744 2808 Kennington‚
1779 2760 1826 2796 16

242 2825 429 2871 October,
455 2837 569 2873 1342,
591 2823 768 2862 directed
788 2824 957 2861 William
977 2824 1088 2862 Scott
1118 2824 1197 2862 and
1231 2824 1297 2862 the
1327 2823 1440 2861 other
1458 2822 1628 2872 Justices
1649 2823 1693 2860 of
1709 2823 1829 2862 Com-

241 2901 336 2926 mon
357 2889 471 2926 Pleas
492 2895 533 2926 to
553 2887 708 2937 inspect
728 2900 752 2925 a
773 2886 984 2926 certificate
1005 2887 1170 2937 relating
1198 2894 1239 2925 to
1269 2887 1336 2926 the
1366 2900 1505 2925 manor
1534 2888 1580 2926 of
1605 2887 1825 2936 Pickering,

241 2959 328 2989 sent
348 2951 431 2989 into
452 2953 519 2990 the
541 2951 678 3001 King’s
700 2952 906 3000 Chancery
925 2952 976 3000 by
992 2951 1058 2989 the
1080 2953 1291 2989 Treasurer
1309 2952 1391 2990 and
1413 2950 1722 2997 Chamberlains,
1744 2952 1826 2989 and

240 3022 282 3052 to
303 3015 483 3053 consider
503 3015 551 3054 its
581 3017 695 3054 effect
716 3028 768 3054 on
789 3015 855 3054 the
885 3014 960 3053 suit
981 3016 1076 3053 then
1098 3015 1270 3065 pending
1291 3017 1426 3054 before
1446 3017 1554 3054 them
1575 3017 1626 3065 by
1647 3017 1712 3054 the
1735 3016 1825 3053 Earl
