2044 3491
225 207 306 257 158
589 215 764 247 DUCHY
795 215 857 247 OF
890 216 1181 249 LANCASTER
1213 218 1448 250 RECORDS.

273 313 476 363 Johannes
497 314 548 352 de
569 314 698 352 Melsa
719 312 830 352 miles
859 314 1002 352 clamat
1032 314 1169 352 ardere
1198 314 1363 353 cablicia
1397 322 1436 353 et
1470 313 1618 353 siccum
1640 316 1809 354 boscum

219 377 260 416 in
289 377 420 417 boscis
452 378 531 417 suis
562 379 612 417 de
647 379 868 417 Levesham
903 385 942 417 et
975 378 1070 417 inde
1099 380 1228 418 facere
1265 381 1456 418 carbones
1488 387 1527 418 et
1558 392 1626 419 eos
1657 381 1751 419 dare
1773 387 1812 419 et

219 443 394 480 vendere
414 435 485 492 pro
505 443 709 481 voluntate
739 456 818 481 sua.
880 444 931 481 Et
952 442 1047 481 dicit
1076 444 1186 492 quod
1215 444 1299 493 ipse
1321 451 1359 482 et
1381 457 1521 483 omnes
1541 452 1811 483 antecessores

221 506 282 545 sui
301 514 480 546 tenentes
502 507 718 546 manerium
740 509 790 546 de
813 509 1034 546 Levesham
1054 521 1076 546 a
1097 515 1276 558 tempore
1296 521 1375 558 quo
1397 522 1478 547 non
1495 516 1599 547 extat
1619 508 1813 548 memoria

221 573 408 611 arderunt
438 572 604 610 cablicia
635 580 674 611 et
703 572 851 611 siccum
882 574 1048 611 boscum
1081 572 1120 610 in
1155 572 1284 611 boscis
1317 573 1395 611 suis
1429 573 1626 622 predictis,
1650 581 1688 612 et
1717 573 1812 612 inde

220 636 397 675 fecerunt
416 637 609 675 carbones
639 644 677 675 et
710 650 778 675 eos
809 638 1005 675 dederunt
1034 644 1073 676 et
1102 637 1365 676 vendiderunt
1399 651 1470 688 pro
1500 640 1703 677 voluntate
1738 652 1810 677 sua

222 707 412 751 tanquam
442 701 685 751 pertinentes
705 702 757 740 ad
787 701 1004 740 manerium
1035 702 1267 751 predictum,
1291 711 1329 741 et
1358 704 1436 741 hoc
1457 712 1613 752 paratus
1635 711 1694 742 est
1715 703 1813 742 veri-

222 767 339 804 ficare
360 780 429 816 per
449 766 648 805 ministros
677 766 787 805 istius
809 768 952 805 foreste
972 774 1044 806 ete.
1106 768 1206 806 Ideo
1226 767 1444 817 inquiratur
1464 768 1557 807 inde
1577 768 1718 806 veritas
1745 781 1816 817 per

224 832 398 870 eosdem.
459 831 539 880 Qui
559 831 708 870 scilicet
728 831 929 879 forestarii,
951 831 1121 870 viridarii
1151 840 1190 871 et
1227 834 1495 881 regardatores
1518 834 1570 871 ad
1599 833 1676 870 hoc
1695 832 1814 882 jurati

223 896 361 935 dicunt
390 910 507 945 super
527 904 815 935 sacramentum
851 910 966 935 suum
997 898 1106 945 quod
1140 897 1340 946 predictus
1372 898 1576 947 Johannes
1606 904 1644 936 et
1674 910 1813 936 omnes

222 968 490 1000 antecessores
526 961 585 1000 sui
617 969 654 1000 et
683 969 863 1000 tenentes
895 962 1114 1000 manerium
1145 962 1369 1011 predictum
1396 975 1551 1012 semper
1580 976 1603 1000 a
1631 969 1812 1011 tempore

222 1038 303 1074 quo
323 1039 404 1064 non
425 1033 529 1064 extat
550 1025 739 1064 memoria
768 1025 828 1064 usi
860 1027 1018 1064 fuerunt
1051 1027 1188 1064 ardere
1218 1027 1384 1065 cablicia
1413 1035 1451 1066 et
1473 1026 1622 1065 siccum
1644 1028 1814 1065 boscum

222 1091 274 1129 de
311 1090 442 1128 boscis
473 1090 671 1140 predictis,
706 1098 743 1128 et
777 1090 870 1129 inde
909 1092 1087 1129 fecerunt
1124 1091 1316 1130 carbones
1359 1099 1398 1130 et
1437 1105 1505 1130 eos
1541 1092 1737 1130 dederunt
1774 1098 1814 1130 et

223 1155 487 1194 vendiderunt
507 1169 577 1206 pro
597 1157 799 1194 voluntate
826 1169 897 1194 sua
929 1163 1046 1206 prout
1077 1155 1184 1194 idem
1219 1157 1425 1206 Johannes
1454 1156 1631 1206 superlus
1655 1157 1811 1194 clamat.

223 1222 276 1260 Et
296 1234 412 1270 super
431 1221 508 1258 hoc
537 1222 651 1260 datus
681 1228 739 1259 est
771 1221 854 1259 dies
886 1222 1038 1270 prefato
1065 1221 1239 1271 Johanni
1271 1221 1336 1259 hic
1369 1234 1496 1270 usque
1530 1220 1636 1259 diem
1674 1219 1815 1258 Martis

222 1285 444 1335 proximum
475 1293 566 1335 post
599 1287 742 1324 festum
774 1285 1038 1324 Exaltacionis
1059 1287 1201 1324 Sancte
1232 1285 1370 1326 Crucis
1401 1286 1452 1324 de
1486 1285 1689 1324 audiendo
1719 1284 1814 1323 inde

221 1349 373 1400 judicio
394 1363 477 1388 suo.
536 1351 601 1389 Ad
631 1364 749 1400 quem
784 1350 890 1389 diem
922 1352 1028 1400 apud
1058 1351 1252 1401 Pikeryng
1286 1364 1419 1389 coram
1455 1350 1616 1400 prefatis
1639 1349 1815 1388 Ricardo

224 1417 275 1454 de
295 1416 515 1465 Wylughby
536 1423 574 1453 et
603 1417 787 1465 Johanne
817 1417 867 1454 de
891 1417 1110 1465 Hambury‚
1133 1415 1366 1465 Justiciariis
1388 1423 1461 1454 etc.
1484 1415 1592 1454 venit
1613 1416 1812 1465 predictus

224 1482 427 1530 Johannes
448 1481 499 1519 de
520 1482 649 1519 Melsa
678 1494 746 1531 per
765 1482 990 1530 Johannem
1011 1482 1062 1520 de
1083 1483 1233 1519 Lutton
1254 1488 1497 1519 attornatum
1519 1494 1636 1519 suum
1658 1487 1696 1519 et
1717 1480 1817 1530 petit

223 1545 418 1595 judicium
457 1559 573 1596 super
609 1546 809 1585 veredicto
847 1546 1115 1585 ministrorum
1155 1546 1433 1596 predictorum,
1466 1547 1577 1596 quod
1615 1545 1817 1595 predictus

225 1612 429 1661 Johannes
449 1613 500 1650 de
521 1613 650 1650 Melsa
678 1619 716 1650 et
746 1624 884 1650 omnes
918 1619 1189 1649 antecessores
1224 1610 1284 1649 sui
1317 1618 1355 1649 et
1384 1618 1564 1649 tenentes
1594 1609 1816 1648 manerium

226 1675 446 1726 predictum
467 1688 622 1725 semper
642 1689 663 1714 a
684 1683 863 1725 tempore
884 1689 963 1725 quo
987 1674 1099 1727 [314]
1122 1688 1203 1713 non
1233 1683 1338 1714 extat
1369 1675 1559 1713 memoria
1579 1674 1639 1713 usi
1660 1676 1819 1712 fuerunt

223 1742 360 1780 ardere
380 1740 544 1780 cablicia
564 1748 603 1779 et
623 1740 774 1779 siccum
795 1741 961 1779 boscum
983 1741 1033 1779 de
1055 1740 1186 1778 boscis
1207 1739 1288 1779 suis
1308 1739 1494 1789 predictis
1510 1740 1561 1778 de
1580 1739 1814 1785 Levesham,

227 1813 266 1845 et
285 1805 380 1844 inde
401 1807 576 1844 fecerunt
597 1806 787 1844 carbones
809 1813 847 1845 et
867 1819 937 1844 eos
959 1806 1155 1844 dederunt
1176 1813 1214 1844 et
1234 1805 1498 1844 vendiderunt
1518 1817 1590 1854 pro
1611 1805 1816 1842 voluntate

227 1884 310 1917 sua,
330 1877 448 1919 prout
468 1869 574 1908 idem
595 1870 799 1919 Johannes
820 1883 889 1920 per
909 1870 1095 1909 clamium
1115 1884 1229 1909 suum
1251 1869 1448 1920 supponit.
1509 1868 1816 1909 Consideratum

227 1936 415 1985 estquod
444 1934 551 1974 idem
580 1935 784 1984 Johannes
817 1936 867 1974 de
899 1937 1028 1974 Melsa
1062 1942 1125 1974 eat
1159 1935 1253 1974 inde·
1283 1935 1367 1973 sine
1406 1934 1482 1981 die,
1519 1935 1627 1973 salvo
1663 1947 1819 1984 semper

226 2002 314 2051 jure
334 2007 405 2039 etc.

281 2065 392 2104 Prior
448 2064 669 2115 Hospitalis
717 2064 849 2104 Sancti
896 2065 1090 2114 Johannis
1137 2064 1357 2112 Jerusalem
1401 2062 1442 2101 in
1485 2062 1625 2113 Anglia
1673 2064 1817 2101 clamat

228 2129 394 2179 agistare
414 2129 644 2168 omnimoda
664 2129 850 2167 animalia
869 2129 906 2167 in
930 2129 1003 2168 illis
1024 2128 1134 2168 terris
1155 2136 1193 2167 et
1213 2127 1448 2167 tenementis
1471 2127 1550 2166 suis
1571 2129 1622 2166 de
1642 2127 1820 2166 manerio

229 2206 301 2232 suo
321 2195 372 2232 de
393 2195 425 2232 F
427 2193 627 2243 oukbrigg‚
649 2206 726 2243 que
748 2207 789 2232 se
809 2195 1024 2232 extendent
1055 2192 1088 2246 [?
1104 2191 1339 2245 extendunt]
1370 2206 1418 2231 ex
1447 2199 1558 2242 parte
1579 2191 1817 2230 occidentali

285 2323 344 2362 Sir
373 2323 480 2372 John
502 2323 551 2360 de
583 2322 756 2359 Meaux÷÷
778 2321 912 2360 claims
943 2322 1009 2359 the
1038 2320 1139 2370 right
1169 2321 1214 2358 of
1244 2320 1413 2370 burning
1441 2321 1710 2359 browsewood
1739 2321 1821 2358 and

231 2389 302 2438 dry
330 2388 446 2426 wood
465 2386 506 2424 in
525 2386 584 2424 his
613 2387 747 2425 woods
777 2394 815 2424 at
845 2385 1068 2431 Levisham,
1091 2384 1250 2434 making
1279 2385 1492 2423 therefrom
1522 2385 1716 2432 charcoal,
1740 2385 1820 2423 and

232 2452 362 2503 giving
382 2452 461 2489 and
483 2449 621 2500 selling
640 2450 669 2488 it
688 2457 728 2488 at
748 2451 936 2500 pleasure.
997 2451 1064 2488 He
1084 2450 1115 2487 is
1136 2450 1255 2498 ready
1274 2456 1316 2487 to
1337 2461 1456 2498 prove
1476 2449 1561 2487 that
1581 2450 1631 2487 he
1661 2450 1740 2487 and
1768 2450 1821 2487 all

232 2516 293 2555 his
335 2522 534 2554 ancestors
573 2515 673 2553 from
712 2513 807 2552 time
845 2512 1105 2552 immemorial
1143 2513 1257 2552 while
1294 2512 1459 2562 holding
1497 2513 1564 2552 the
1601 2526 1740 2552 manor
1779 2515 1827 2552 of

234 2580 442 2620 Levisham
462 2580 562 2618 have
596 2580 767 2628 enjoyed
788 2578 863 2617 this
892 2578 993 2629 right
1021 2592 1064 2617 as
1096 2585 1360 2628 appurtenant
1380 2585 1422 2617 to
1452 2578 1519 2616 the
1548 2591 1698 2617 manor.
1757 2581 1823 2616 An

234 2644 388 2695 inquiry
421 2644 453 2682 is
486 2643 674 2690 directed,
711 2644 791 2682 and
822 2643 888 2681 the
907 2645 1004 2693 Jury
1038 2644 1121 2682 find
1156 2643 1196 2681 in
1234 2643 1294 2681 his
1332 2645 1476 2682 favour.
1537 2644 1755 2693 Judgment
1789 2643 1821 2681 is

235 2709 417 2749 reserved
437 2708 536 2746 until
557 2708 754 2757 Tuesday,
781 2719 824 2757 15
849 2709 968 2757 Sept,
996 2710 1109 2757 1338,
1131 2709 1244 2746 when
1265 2708 1324 2746 Sir
1351 2710 1458 2758 John
1487 2721 1651 2758 appears
1680 2710 1732 2758 by
1761 2707 1822 2745 his

235 2782 413 2824 attorney
432 2773 539 2823 John
559 2774 609 2811 de
639 2775 786 2811 Lutton
809 2774 944 2811 before
974 2772 1148 2811 Richard
1170 2774 1220 2811 de
1251 2773 1502 2823 Willoughby
1522 2774 1602 2812 and
1630 2773 1739 2822 John
1769 2773 1819 2811 de

237 2839 456 2887 Hambury.
515 2838 734 2887 Judgment
753 2836 784 2875 is
804 2836 918 2887 given
939 2836 1119 2887 allowing
1139 2838 1205 2875 the
1225 2837 1353 2876 claim.

291 2905 379 2942 The
411 2902 521 2940 Prior
552 2903 597 2940 of
628 2902 696 2940 the
732 2901 918 2951 Hospita]
945 2903 989 2940 of
1024 2903 1078 2940 St.
1107 2902 1212 2951 John
1240 2904 1285 2940 of
1313 2903 1530 2952 Jerusalem
1563 2902 1603 2940 in
1639 2902 1823 2952 England

240 2968 376 3007 claims
396 2968 463 3006 the
482 2966 584 3017 right
617 2973 658 3006 to
678 2965 776 3017 agist
795 2967 846 3005 all
878 2979 1043 3004 manner
1064 2967 1109 3004 of
1136 2965 1302 3005 animals
1331 2967 1372 3005 in
1398 2968 1512 3006 those
1540 2967 1654 3006 lands
1684 2967 1729 3005 of
1755 2966 1820 3004 the

878 3042 893 3058 *
920 3042 973 3073 See
989 3052 1020 3083 p.
1041 3050 1072 3079 2,
1091 3046 1179 3073 ante.
