2044 3491
260 206 316 250 70
625 202 799 235 DUCHY
830 201 891 234 OF
923 199 1212 233 LANCASTER
1245 198 1481 232 RECORDS.

263 302 496 350 forestarios,
532 300 735 341 viridarios
767 308 805 339 et
840 298 938 338 alios
980 297 1178 336 ministros
1222 296 1393 335 convicti
1428 301 1517 333 sunt
1533 309 1543 343 3
1589 300 1626 332 et
1660 291 1735 343 ipsi
1768 303 1849 330 non

262 369 436 416 veniunt,
455 375 493 406 et
513 366 735 406 vicecomes
754 370 928 404 retornat
948 363 1057 412 quod
1087 360 1254 411 predicti
1287 361 1489 399 Robertus
1510 360 1560 398 de
1582 358 1789 398 Chibourn
1809 363 1850 395 et

264 433 329 473 alii
349 446 430 471 non
451 439 541 470 sunt
562 430 711 469 inventi
731 442 805 468 nec
825 427 976 478 aliquid
995 427 1141 465 habent
1161 426 1201 463 in
1221 425 1365 464 balliva
1382 438 1451 463 sua
1473 437 1540 474 per
1557 424 1666 473 quod
1685 429 1850 472 possunt

265 496 479 538 attachiari.
537 497 638 535 Ideo
671 500 902 545 preceptum
934 499 992 531 est
1012 489 1236 530 vicecomiti
1271 490 1381 539 quod
1411 488 1540 539 capiat
1561 501 1629 527 eos
1650 487 1682 525 si
1702 494 1789 534 eto,
1812 493 1851 524 et

267 564 374 602 salvo
390 569 477 609 ete„
495 560 548 599 ita
568 561 678 611 quod
699 560 842 597 habeat
862 569 1026 606 corpora
1047 568 1183 594 eorum
1204 553 1268 592 hic
1288 567 1421 592 coram
1441 552 1598 603 prefatis
1618 550 1852 602 Justiciariis

266 628 330 668 die
352 629 464 665 Lune
485 625 662 676 proximo
684 630 773 674 post
794 635 971 661 mensem
992 621 1145 659 Pasche
1165 620 1216 658 ad
1237 618 1557 658 satisfaciendum
1578 625 1651 656 ete.

376 756 525 795 Placita
543 761 652 794 tenta
671 753 777 803 apud
798 752 992 802 Pikeryng
1012 764 1146 789 coram
1175 748 1335 800 prefatis
1366 747 1540 787 Ricardo
1562 748 1612 786 de
1632 745 1855 796 Wylughby

482 828 520 860 et
548 820 731 870 Johanne
761 818 811 856 de
841 818 1051 866 Hambury
1081 814 1309 865 Justiciariis
1331 821 1418 861 etc.,
1440 812 1505 852 die
1532 814 1645 850 Lune
1674 809 1855 861 proximo

482 893 570 935 post
590 896 766 922 mensem
789 883 941 921 Pasche
962 894 1067 920 anno
1088 879 1324 930 supradicto.

322 970 556 1017 Preceptum
577 966 648 1004 fuit
667 963 891 1003 vicecomiti
912 964 1020 1013 quod
1051 970 1208 1013 caperet
1239 968 1300 1000 etc
1331 959 1416 1013 [the
1437 972 1545 998 same
1564 970 1700 996 names
1721 956 1810 995 with
1833 970 1856 995 a

266 1035 338 1073 few
367 1032 586 1079 omissions,
617 1029 743 1069 which
776 1042 841 1067 are
875 1029 1064 1078 probably
1086 1026 1387 1073 unintentional,
1410 1026 1551 1071 follow,
1574 1023 1656 1061 and
1676 1022 1744 1059 the
1773 1021 1856 1060 writ

266 1098 480 1137 concludes
510 1096 549 1134 in
579 1097 646 1134 the
675 1107 783 1133 same
812 1092 930 1145 form]
963 1091 1105 1145 [278b]
1140 1092 1193 1130 ita
1213 1092 1322 1142 quod
1351 1091 1495 1129 habeat
1524 1100 1689 1138 corpora
1718 1099 1854 1125 eorum

266 1176 400 1202 coram
427 1160 584 1212 prefatis
624 1158 852 1210 Justiciariis
886 1158 950 1196 die
988 1158 1127 1196 Martis
1161 1156 1341 1208 proximo
1371 1162 1461 1205 post
1494 1162 1571 1194 tres
1610 1156 1857 1207 Septimanas

267 1227 400 1267 Sancti
421 1225 628 1264 Michaelis
649 1227 700 1265 ad
722 1225 1054 1265 satisfaciendum.

376 1354 489 1409 [279]
521 1356 669 1395 Placita
708 1363 816 1395 tenta
854 1357 960 1406 apud
999 1356 1183 1406 Pikering
1221 1367 1354 1393 coram
1395 1353 1553 1404 prefatis
1594 1353 1769 1392 Ricardo
1808 1350 1859 1388 de

485 1422 703 1472 Wylughby
720 1428 758 1459 et
770 1422 953 1471 Johanne
967 1422 1017 1460 de
1033 1422 1282 1460 Shardelowe
1295 1418 1528 1469 Justiciariis
1545 1426 1631 1466 ete„
1641 1418 1705 1457 die
1720 1414 1859 1455 Martis

482 1486 661 1536 proximo
678 1493 770 1535 post
791 1493 868 1524 tres
890 1485 1129 1535 septimanas
1151 1485 1284 1524 Sancti
1301 1483 1485 1522 Michalis
1501 1496 1606 1522 anno
1620 1480 1857 1532 supradicto.

324 1574 561 1622 Preceptum
584 1572 656 1610 fuit
677 1571 901 1610 vicecomiti
922 1571 1021 1610 sicut
1042 1572 1136 1610 alias
1158 1572 1267 1622 quod
1296 1569 1426 1620 capiat
1456 1568 1540 1622 [the
1561 1583 1669 1608 same
1688 1568 1861 1608 remarks

268 1638 387 1686 apply
407 1643 447 1675 to
468 1636 544 1674 this
574 1636 648 1675 list.
709 1638 746 1674 It
762 1635 994 1688 concludes]
1017 1634 1130 1688 [280]
1163 1638 1224 1674 Ita
1245 1636 1355 1686 quod
1375 1636 1519 1673 habeat
1539 1647 1704 1684 corpora
1726 1646 1862 1672 eorum

268 1714 400 1738 coram
422 1701 578 1750 prefatis
598 1700 829 1750 Justiciariis
851 1701 915 1739 die
936 1700 1044 1750 Jovis
1066 1699 1247 1750 proximo
1268 1707 1357 1749 post
1381 1700 1542 1738 octabas
1564 1697 1861 1737 Purificacionis

269 1765 383 1803 beate
406 1766 532 1804 Marie
562 1767 612 1804 ad
643 1765 978 1804 satisfaciendum.
1037 1766 1103 1803 Ad
1138 1778 1258 1814 quem
1276 1764 1382 1803 diem
1401 1763 1511 1813 Jovis
1532 1764 1639 1813 apud
1669 1763 1863 1811 Pikeryng

256 1841 401 1876 ,coram
422 1829 601 1878 predicto
622 1830 806 1878 Johanne
823 1830 874 1867 de
893 1830 1100 1878 Hambury
1120 1836 1273 1867 tantum
1295 1827 1400 1867 venit
1423 1828 1617 1866 Ricardus
1637 1829 1688 1866 de
1707 1829 1745 1866 la
1766 1827 1862 1865 Pole

270 1900 308 1931 et
323 1893 483 1942 protulit
504 1894 620 1932 breve
641 1893 794 1932 domini
809 1893 929 1944 Regis
943 1901 1082 1943 patens
1096 1893 1136 1931 in
1153 1895 1226 1932 hec
1239 1893 1398 1932 verba.÷÷
1419 1894 1637 1931 Edwardus
1654 1892 1718 1930 dei
1734 1891 1863 1942 gracia

270 1958 358 1995 Rex
378 1957 531 2007 Anglie,
556 1957 740 1996 dominus
765 1958 960 1997 Hibernie
981 1966 1020 1997 et
1040 1959 1121 1997 dux
1150 1957 1392 2008 Aquitannie
1414 1957 1560 1996 dilecto
1594 1965 1632 1996 et
1653 1956 1761 1995 fideli
1791 1970 1863 1995 suo

269 2022 444 2060 Ricardo
461 2024 510 2061 de
531 2024 567 2060 la
589 2024 684 2061 Pole
706 2025 882 2062 salutem.
941 2023 1079 2062 Sciatis
1101 2025 1209 2073 quod
1231 2037 1322 2061 cum
1343 2036 1468 2072 nuper
1489 2023 1539 2060 ad
1559 2021 1862 2071 requisicionem

270 2086 403 2125 dilecti
424 2087 706 2137 consanguinei
728 2095 766 2126 et
798 2087 925 2126 fidelis
955 2088 1077 2127 nostri
1114 2087 1282 2126 Henrici
1317 2086 1485 2126 Comitis
1516 2086 1743 2125 Lancastrie
1773 2099 1864 2124 con-

270 2150 509 2190 stituerimus
527 2152 690 2191 dilectos
708 2159 746 2191 et
762 2153 898 2191 fideles
916 2160 1070 2191 nostros
1088 2152 1307 2191 Ricardum
1320 2153 1372 2190 de
1388 2152 1619 2201 Wylughby,
1637 2151 1863 2200 Johannem

378 2325 493 2362 Pleas
512 2324 606 2361 held
626 2329 664 2361 at
687 2322 894 2373 Pickering
913 2337 966 2362 on
987 2324 1177 2373 Monday,
1200 2335 1244 2374 15
1269 2325 1376 2374 May,
1398 2335 1511 2374 1335,
1533 2325 1667 2363 before
1688 2324 1865 2362 Richard

486 2389 537 2427 de
557 2385 805 2438 Willoughby
825 2386 903 2424 and
924 2386 1029 2434 John
1050 2386 1100 2424 de
1122 2386 1342 2435 Hambury.

323 2472 361 2509 A
381 2470 530 2509 second
549 2470 663 2509 order
682 2482 758 2508 was
778 2467 894 2518 given
914 2473 955 2505 to
975 2467 1042 2505 the
1064 2465 1208 2506 Sheriff
1224 2473 1265 2504 to
1286 2465 1387 2505 seize
1403 2466 1469 2505 the
1490 2466 1700 2504 offenders.

381 2596 493 2634 Pleas
531 2596 626 2634 held
663 2602 702 2634 at
732 2593 942 2644 Pickering
971 2606 1023 2632 on
1053 2593 1252 2642 Tuesday,
1284 2606 1331 2642 31
1366 2592 1551 2638 October,
1588 2601 1700 2640 1335,
1731 2590 1866 2629 before

487 2659 665 2699 Richard
685 2661 735 2699 de
755 2659 1008 2708 Willoughby
1029 2658 1106 2696 and
1130 2658 1236 2707 John
1257 2658 1308 2696 de
1329 2657 1590 2696 Shardelowe.

325 2742 391 2778 An
417 2741 532 2779 order
558 2754 633 2780 was
661 2741 777 2791 given
811 2748 852 2779 to
887 2739 988 2779 seize
1021 2739 1088 2778 the
1122 2739 1319 2778 offenders
1352 2738 1433 2777 and
1463 2738 1640 2788 produce
1674 2737 1782 2775 them
1812 2748 1866 2774 on

276 2816 321 2854 15
345 2807 552 2856 February,
579 2808 692 2856 1336,
715 2819 767 2845 on
787 2804 914 2844 which
944 2804 1020 2853 day
1042 2802 1218 2841 Richard
1252 2804 1303 2842 de
1322 2804 1358 2840 la
1388 2803 1485 2841 Pole
1504 2802 1702 2852 appeared
1732 2800 1865 2840 before

271 2871 378 2919 John
398 2872 449 2909 de
470 2872 679 2920 Hambury
699 2871 778 2909 and
798 2869 1005 2919 produced
1026 2868 1092 2906 the
1115 2867 1252 2917 King's
1273 2868 1406 2906 letters
1434 2874 1581 2917 patent,
1611 2866 1739 2904 which
1768 2865 1866 2902 after

271 2934 433 2984 reciting
453 2936 518 2975 the
539 2935 815 2986 appointment
834 2934 879 2972 of
888 2933 956 2971 the
976 2931 1145 2981 Justices
1166 2932 1210 2970 of
1226 2932 1292 2970 the
1313 2933 1345 2969 F
1348 2938 1463 2979 orest,
1485 2931 1563 2970 and
1584 2931 1668 2969 that
1687 2930 1795 2980 John
1814 2928 1865 2967 de

675 3024 692 3040 ³⁶
717 3025 772 3056 See
789 3024 865 3055 Rot.
889 3024 959 3054 Pat.
982 3031 1021 3053 10
1038 3022 1099 3054 Ed.
1122 3021 1206 3060 111„
1227 3025 1276 3062 pt.
1298 3029 1324 3061 1,
1345 3031 1386 3052 m.
1408 3028 1459 3060 43.
