2044 3491
782 245 1019 278 COUCHER
1052 245 1194 278 BOOK.
1711 250 1787 290 113

192 345 317 384 eciam
355 351 578 396 presentare
625 357 748 383 unum
797 345 1085 384 wodewardum
1131 344 1171 382 in
1219 343 1338 383 moris
1386 351 1424 383 et
1468 344 1597 383 boscis
1627 344 1705 383 suis
1736 346 1786 384 de

192 411 424 461 Farmanby.
484 412 536 448 Et
555 409 651 449 dicit
670 410 780 459 quod
801 409 884 459 ipse
905 418 963 448 est
983 417 1121 448 tenens
1151 409 1315 447 manerii
1335 411 1385 448 de
1407 411 1612 448 Alverstan
1635 410 1685 447 de
1705 422 1785 459 quo

192 487 303 513 mora
324 474 500 525 predicta
520 481 578 513 est
598 475 778 523 parcella,
802 481 840 512 et
860 474 945 524 ipse
966 481 1003 512 et
1024 486 1163 512 omnes
1195 481 1463 512 antecessores
1499 473 1567 520 sui,
1604 481 1784 512 tenentes

191 539 370 587 ejusdem
391 538 565 584 manerii,
588 552 610 576 a
631 545 807 588 tempore
828 551 908 588 quo
943 551 1024 577 non
1060 545 1164 577 extat
1196 538 1387 576 memoria
1422 537 1482 576 usi
1521 546 1611 576 sunt
1645 551 1784 587 capere

189 604 381 650 brueram,
400 604 610 653 feugeram,
635 603 769 641 fodere
789 604 923 641 turbas
944 603 984 641 in
1005 602 1182 653 predicta
1203 615 1312 640 mora
1333 615 1403 640 sua
1423 603 1474 641 de
1504 603 1723 648 Alverstan,
1746 611 1784 641 et

189 674 400 716 asportare,
422 667 577 716 cariam,
599 667 771 705 vendere
791 674 830 705 et
850 668 944 706 dare
964 680 1034 717 pro
1064 668 1266 705 voluntate
1287 680 1381 714 sua3
1411 674 1449 705 et
1484 666 1579 705 dicit
1608 666 1785 705 similiter

190 733 301 781 quod
333 731 418 781 ipse
451 739 490 770 et
520 744 659 770 omnes
693 739 962 770 antecessores
1000 730 1070 779 sui,
1109 738 1288 770 tenentes
1327 733 1507 782 ejusdem
1547 731 1721 779 manerii,
1761 745 1785 770 a

190 802 368 846 tempore
416 809 496 846 quo
543 809 625 834 non
663 803 767 835 extat
807 796 996 835 memoria
1035 795 1094 835 usi
1133 804 1224 835 sunt
1257 805 1483 836 construere
1516 797 1709 837 bercarias
1743 796 1784 834 in

190 861 328 898 eadem
360 874 468 899 mora
487 861 577 899 loco
598 860 666 910 qui
687 860 782 899 dicit
802 863 1065 900 Ardolvestan
1097 860 1179 913 [sic]
1210 868 1248 900 et
1269 875 1334 901 eas
1357 864 1501 902 habere
1529 871 1568 901 et
1589 871 1723 902 tenere
1744 869 1783 901 et

188 924 273 962 aliis
294 924 610 975 quibuscumque
631 924 825 965 dimittere
846 939 916 976 pro
937 927 1139 964 voluntate
1159 939 1230 964 sua
1243 940 1253 974 ,-
1284 934 1322 966 et
1342 927 1438 966 dicit
1465 927 1641 966 similiter
1672 928 1783 977 quod

189 990 323 1039 quoad
366 990 596 1028 habendum
629 989 797 1028 viridum
844 988 950 1041 [pro]
993 991 1214 1029 housebote
1257 998 1294 1029 et
1351 991 1512 1030 haibote
1567 991 1607 1030 in
1654 990 1783 1030 boscis

190 1053 268 1092 suis
298 1055 349 1092 de
378 1055 586 1092 Alverstan
631 1062 670 1093 et
715 1055 863 1093 siccum
907 1056 958 1093 ad
1003 1054 1229 1094 faciendum
1283 1058 1504 1106 proficuum
1544 1070 1661 1095 suum
1699 1057 1784 1095 sine

189 1118 428 1157 liberacione
461 1120 523 1158 vel
548 1119 634 1157 visu
662 1119 703 1157 in
732 1119 829 1158 locis
850 1120 1047 1170 predictis,
1069 1120 1154 1170 ipse
1175 1127 1233 1159 est
1265 1122 1451 1161 dominus
1481 1123 1532 1160 de
1563 1122 1784 1171 Farmanby

193 1186 227 1240 [Ρ
246 1187 484 1240 Alverstain]
514 1189 621 1227 unde
653 1190 798 1227 boscus
833 1187 1029 1238 predictes
1063 1195 1122 1227 est
1155 1188 1326 1238 parcella
1360 1195 1398 1226 et
1431 1187 1516 1237 ipse
1557 1195 1596 1226 et
1640 1200 1780 1225 omnes

191 1260 459 1292 antecessores
480 1253 540 1291 sui
559 1260 738 1292 tenentes
760 1254 940 1303 ejusdem
970 1251 1144 1299 manerii,
1181 1265 1204 1290 a
1237 1259 1416 1301 tempore
1452 1264 1532 1301 quo
1567 1264 1648 1289 non
1679 1258 1784 1289 extat

191 1317 382 1356 memoria
403 1319 462 1356 usi
483 1325 571 1357 sunt
588 1331 727 1367 capere
748 1317 787 1356 in
810 1317 939 1356 boscis
961 1317 1039 1356 suis
1060 1316 1245 1366 predictis
1266 1317 1316 1355 de
1336 1317 1556 1363 Alverstan‚
1575 1315 1724 1354 scilicet
1744 1315 1785 1354 in

191 1383 390 1432 Crostclyf
415 1390 453 1421 et
487 1383 710 1432 Stayndale,
743 1395 814 1432 per
834 1382 996 1420 assisam
1026 1383 1170 1420 foreste
1201 1381 1370 1419 viridum
1401 1394 1472 1431 pro
1494 1382 1717 1420 housebote
1747 1388 1786 1420 et

191 1447 351 1485 haibote
381 1455 418 1486 et
448 1447 593 1486 siccum
618 1448 670 1485 ad
699 1447 926 1486 faciendum
961 1447 1054 1486 inde
1087 1448 1307 1496 proficuum
1343 1459 1458 1484 suum
1492 1445 1577 1485 sine
1612 1445 1695 1484 visu
1723 1446 1786 1484 vel

191 1511 430 1551 liberacione
492 1525 574 1567 pro¹
623 1513 825 1551 voluntate
879 1525 973 1560 sua3
1030 1519 1069 1550 et
1127 1513 1262 1561 quoad
1320 1511 1561 1561 capiendum
1606 1512 1786 1549 brueram

194 1583 234 1615 et
276 1578 472 1627 feugeram
504 1584 542 1616 et
585 1579 720 1616 fodere
749 1578 882 1615 turbas
930 1576 969 1614 in
1017 1589 1127 1614 mora
1166 1589 1236 1614 sua
1278 1577 1329 1615 de
1368 1578 1591 1626 Farrnanby
1645 1584 1683 1615 et
1722 1589 1787 1615 eas

193 1649 403 1691 asportare,
429 1642 587 1689 cariare,
609 1643 781 1681 vendere
802 1648 840 1679 et
861 1642 955 1679 dare
990 1647 1028 1679 et
1062 1641 1156 1679 inde
1191 1640 1357 1679 omnino
1396 1642 1641 1679 voluntatem
1677 1654 1786 1679 suam

193 1707 332 1754 facere,
355 1706 451 1745 dicit
480 1707 657 1745 similiter
685 1707 796 1756 quod
817 1705 900 1755 ipse
921 1713 979 1744 est
1000 1705 1186 1744 dominus
1220 1706 1271 1744 de
1307 1706 1529 1755 Farmanby
1560 1713 1599 1744 et
1633 1705 1716 1755 ipse
1748 1713 1787 1744 et

193 1784 332 1810 omnes
354 1779 622 1810 antecessores
643 1771 703 1810 sui
732 1779 770 1810 et
790 1770 856 1809 alii
889 1771 1001 1820 cujus
1023 1777 1166 1809 statum
1187 1770 1271 1820 ipse
1293 1769 1405 1823 [301]
1428 1771 1546 1810 habet
1565 1784 1589 1809 a
1609 1778 1787 1821 tempore

191 1850 272 1886 quo
319 1850 400 1875 non
449 1844 552 1876 extat
600 1836 790 1875 memoria
832 1842 1022 1885 ceperunt
1069 1835 1264 1882 brueram,
1312 1837 1511 1885 feugeram
1561 1842 1599 1874 et
1647 1837 1786 1874 fodere

190 1903 322 1940 turbas
361 1902 400 1940 in
435 1903 575 1940 eadem
614 1915 723 1940 mora
761 1908 800 1939 et
838 1913 903 1939 eas
932 1907 1142 1950 asportare,
1165 1899 1323 1946 cariare,
1345 1901 1517 1938 vendere
1547 1907 1585 1938 et
1617 1901 1711 1938 dare
1746 1907 1785 1939 et

190 1968 433 2005 voluntatem
456 1980 563 2004 suam
586 1966 680 2005 inde
702 1968 904 2014 fecerunt3
935 1972 973 2003 et
994 1965 1127 2014 quoad
1148 1965 1526 2003 communicandum
1549 1978 1638 2003 cum
1660 1964 1786 2014 capris

189 2030 230 2068 in
251 2030 435 2069 omnibus
474 2031 604 2069 boscis
644 2038 682 2070 et
729 2029 848 2068 moris
888 2029 1073 2079 predictis
1113 2037 1194 2067 tarn
1233 2030 1284 2068 de
1327 2031 1533 2068 Alverstan
1574 2043 1695 2079 quam
1734 2030 1786 2068 de

191 2097 414 2145 Farmanby
449 2095 634 2134 omnibus
669 2094 913 2144 temporibus
940 2094 1033 2132 anni
1068 2093 1153 2132 sine
1187 2093 1398 2132 occasione
1434 2101 1508 2141 etc,
1541 2102 1580 2133 et
1610 2094 1786 2133 similiter

190 2161 323 2210 fugare
343 2161 496 2210 lepores
517 2160 616 2198 infra
636 2161 692 2197 les
714 2159 942 2208 Acredykes
964 2159 1014 2196 de
1035 2159 1243 2196 Alverstan
1264 2166 1302 2197 et
1324 2159 1556 2208 Farmanby,
1581 2165 1620 2197 et
1639 2160 1785 2198 habere

190 2290 232 2328 in
271 2289 332 2328 his
375 2290 509 2328 woods
544 2295 582 2326 at
617 2289 828 2333 Allerston,
862 2287 982 2326 Cross
1018 2286 1115 2325 Cliff
1142 2287 1221 2325 and
1256 2286 1471 2334 Staindale,
1507 2288 1575 2326 the
1607 2287 1709 2337 right
1743 2289 1803 2339 of·

189 2354 324 2405 taking
354 2362 436 2393 vert
469 2353 683 2403 according
714 2360 755 2391 to
784 2353 850 2391 the
882 2350 1003 2390 assize
1038 2352 1084 2388 of
1106 2352 1173 2390 the
1207 2352 1327 2390 forest
1362 2353 1421 2390 for
1451 2353 1670 2391 housebote
1700 2354 1782 2392 and

188 2420 413 2468 hedgebote
444 2419 524 2457 and
558 2419 627 2468 dry
661 2418 777 2456 wood
808 2424 849 2455 to
884 2417 1001 2454 make
1032 2417 1150 2465 profit
1183 2417 1368 2455 thereout
1403 2416 1568 2455 without
1602 2417 1704 2456 view
1736 2431 1780 2457 or

188 2484 308 2533 livery
339 2484 384 2522 of
407 2484 475 2521 the
500 2484 681 2521 foresters
713 2488 752 2519 at
784 2481 844 2519 his
875 2493 962 2519 own
989 2481 1167 2529 pleasure
1186 2495 1195 2529 3
1226 2482 1276 2520 he
1297 2483 1379 2520 also
1401 2482 1536 2520 claims
1558 2482 1598 2520 in
1619 2496 1642 2520 a
1663 2484 1779 2521 wood

189 2548 230 2586 in
262 2549 514 2596 Farmandby
546 2547 674 2585 called
709 2546 952 2596 Langatdale
986 2544 1027 2582 in
1061 2545 1113 2583 all
1148 2546 1232 2583 that
1265 2553 1351 2595 part
1383 2553 1424 2584 to
1456 2547 1521 2585 the
1542 2554 1625 2585 east
1646 2548 1690 2584 of
1714 2548 1783 2586 the

190 2615 319 2652 Howe
339 2614 406 2652 the
431 2611 532 2662 right
563 2613 608 2650 of
631 2610 765 2660 taking
793 2617 878 2650 vert
906 2608 1119 2658 according
1148 2616 1189 2647 to
1210 2610 1277 2648 the
1297 2609 1419 2648 assize
1441 2611 1486 2649 of
1499 2611 1566 2649 the
1586 2611 1705 2649 forest
1725 2612 1784 2649 for

188 2677 408 2716 housebote
436 2677 516 2715 and
542 2676 779 2725 hedgebote,
803 2675 881 2713 and
902 2683 943 2713 to
965 2675 1067 2722 take,
1091 2675 1173 2720 seli,
1197 2674 1285 2723 give
1305 2688 1413 2725 away
1433 2676 1514 2714 and
1535 2676 1588 2714 do
1609 2676 1711 2714 what
1731 2677 1783 2714 he

186 2740 285 2778 likes
313 2739 403 2777 with
432 2740 499 2777 the
526 2741 595 2788 dry
616 2738 731 2776 wood
748 2752 758 2785 3
787 2738 865 2775 and
887 2739 969 2775 also
990 2738 1056 2776 the
1077 2737 1178 2788 right
1199 2739 1244 2776 of
1258 2752 1448 2778 common
1475 2741 1519 2778 of
1543 2748 1701 2790 pasture
1722 2741 1783 2778 for

189 2804 249 2842 his
289 2810 399 2853 goats
442 2802 483 2840 in
525 2804 575 2840 all
618 2803 685 2841 the
733 2802 866 2840 woods
899 2803 979 2840 and
1011 2815 1144 2840 moors
1178 2804 1313 2842 before
1344 2804 1587 2852 mentioned,
1621 2817 1663 2842 as
1696 2805 1780 2843 wel]

189 2869 303 2907 those
337 2869 382 2906 of
405 2868 603 2906 Allerston
627 2880 669 2905 as
700 2868 744 2905 of
778 2867 1038 2915 Farmandby‚
1069 2874 1108 2906 at
1136 2869 1186 2905 all
1208 2868 1322 2907 times
1344 2870 1387 2907 of
1414 2870 1480 2907 the
1500 2882 1591 2918 year
1620 2869 1784 2907 without

188 2933 405 2971 hindranee
429 2945 473 2970 or
502 2932 665 2969 adverse
695 2931 811 2969 claim
833 2932 950 2969 made
971 2932 1020 2980 by
1041 2932 1108 2970 the
1128 2931 1270 2970 bailiffs
1292 2946 1334 2971 or
1356 2934 1539 2971 foresters
1557 2947 1566 2981 3
1599 2934 1679 2972 and
1700 2934 1784 2972 also

190 2998 257 3035 the
288 2997 390 3046 right
422 2997 467 3034 of
491 2995 658 3044 hunting
687 2996 751 3032 fox
785 2996 864 3033 and
896 2996 988 3034 hare
1022 2995 1157 3034 within
1181 2997 1249 3034 the
1270 2997 1488 3035 Acredikes
1511 2998 1553 3035 of
1580 2999 1785 3036 Allerston

189 3062 268 3099 and
291 3061 568 3109 Farmandby3
597 3060 676 3098 and
706 3060 790 3098 also
827 3061 871 3098 of
896 3060 1122 3110 presenting
1153 3059 1209 3112 [at
1233 3062 1298 3100 the
1319 3062 1580 3101 Attachment
1601 3061 1742 3115 Court]
1764 3077 1787 3102 a

246 3138 334 3165 VOL.
370 3138 442 3173 111.,
476 3137 551 3165 N.S.
1613 3140 1624 3166 1
