2044 3491
325 197 380 240 50
688 195 861 229 DUCHY
893 195 954 228 OF
987 193 1277 227 LANCASTER
1310 194 1544 228 RECORDS.

323 296 569 346 Aleyntoftes
617 307 753 335 mense
799 295 964 334 defenso
1011 307 1093 333 non
1142 293 1306 345 agistati.
1384 292 1485 331 Ideo
1541 291 1647 330 idem
1703 290 1906 340 Johannes

325 360 590 410 respondebit.

379 427 480 464 Item
511 431 735 475 presentant
773 426 881 475 quod
923 437 1023 462 unus
1066 436 1209 473 porcus
1247 422 1315 472 qui
1355 421 1428 459 fuit
1465 419 1625 459 Walteri
1663 421 1714 459 de
1755 421 1907 458 Burton

326 489 505 528 inventus
522 489 592 528 fuit
611 489 651 527 in
674 489 779 527 Haia
800 491 849 528 de
870 490 1012 537 Scalby
1027 501 1162 527 mense
1184 488 1349 527 defenso
1370 499 1452 525 non
1472 486 1661 536 agistatus
1682 484 1802 535 precii
1820 483 1903 535 xijd.

327 555 427 593 Ideo
447 554 552 593 idem
574 555 764 592 Walterus
784 553 1052 603 respondebit.

380 621 483 657 Item
517 625 741 668 presentant
775 618 884 668 quod
915 617 970 667 iiij
1003 616 1113 667 porci
1147 615 1215 667 qui
1252 617 1408 655 fuerunt
1440 613 1626 653 Willelrni
1660 615 1711 653 de
1744 614 1907 653 Fulford

326 683 474 721 inventi
502 685 656 721 fuerunt
685 682 831 721 ibidem
861 695 995 721 rnense
1024 682 1189 721 defenso
1219 694 1301 720 non
1331 679 1485 730 agistati
1513 678 1635 730 precii
1654 678 1747 729 viijS.
1806 679 1907 718 Ideo

326 746 432 786 idem
452 747 668 785 Willelmus
690 746 953 796 respondebit.

380 813 482 850 Item
503 818 728 861 presentant
749 812 857 861 quod
877 812 914 849 xl
934 810 1115 850 bidentes
1131 810 1198 861 qui
1218 811 1373 849 fuerunt
1395 808 1561 848 Henrici
1577 809 1627 848 de
1645 809 1906 859 Bougheland

325 875 472 915 inventi
493 878 649 915 fuerunt
669 876 709 914 in
731 876 836 914 Haia
857 877 907 915 de
928 877 1069 925 Scalby
1089 888 1224 914 mense
1253 876 1418 914 defenso
1447 873 1569 925 precii
1590 873 1799 924 cujuslibet
1818 871 1902 923 xijd.

327 942 425 980 Ideo
446 941 552 980 idem
576 941 772 980 Henricus
792 941 1056 991 respondebit.
1755 952 1758 955 ⁴

379 1008 481 1044 Item
502 1013 727 1056 presentant
748 1006 855 1055 quod
877 1019 954 1044 una
974 1019 1038 1044 sus
1058 1018 1136 1055 que
1165 1005 1236 1044 fuit
1267 1004 1433 1043 Henrici
1454 1006 1612 1055 Geryng
1640 1004 1800 1043 inventa
1833 1003 1905 1042 suit

323 1066 364 1105 in
403 1068 619 1117 Langedon
658 1080 794 1105 mense
841 1068 1005 1106 defenso
1043 1080 1125 1106 non
1167 1067 1330 1117 agistata
1376 1067 1498 1117 precii
1535 1067 1588 1117 ijs.
1649 1067 1750 1105 Ideo
1796 1065 1902 1104 idem

323 1130 522 1169 Henricus
542 1130 808 1180 respondebit.

378 1197 480 1234 Item
501 1203 726 1245 presentant
753 1197 861 1246 quod
882 1197 1057 1247 quinque
1086 1197 1195 1247 porci
1225 1196 1292 1246 qui
1313 1198 1468 1235 suerunt
1488 1194 1606 1233 Alani
1635 1194 1735 1233 Lille
1755 1193 1906 1233 inventi

322 1261 478 1298 suerunt
507 1259 546 1298 in
577 1261 697 1299 bosco
727 1262 777 1299 de
808 1261 986 1298 Wicham
1016 1274 1152 1299 mense
1181 1262 1346 1299 defenso
1376 1274 1456 1299 non
1486 1260 1639 1310 agistati
1667 1259 1788 1309 precii
1808 1267 1846 1296 x⁵
1865 1266 1904 1298 et

322 1324 495 1363 retraditi
516 1326 669 1364 fuerunt
690 1325 820 1364 eidem
841 1327 970 1363 Alano
1000 1339 1068 1375 per
1097 1325 1268 1375 plegium
1292 1324 1459 1364 Galfridi
1481 1324 1597 1363 Fabri
1617 1331 1656 1363 et
1676 1325 1832 1362 Thome
1852 1325 1905 1363 de

322 1390 484 1427 Neuton
513 1390 564 1428 ad
593 1390 720 1428 dictos
751 1388 783 1442 [?
805 1388 960 1442 porcos]
992 1391 1198 1428 habendos
1228 1391 1278 1428 ad
1308 1389 1472 1428 assisam
1494 1389 1620 1427 istam.
1681 1388 1761 1437 Qui
1781 1388 1905 1427 modo

321 1467 401 1492 non
423 1454 585 1493 veniunt
614 1454 705 1494 ideo
734 1455 808 1505 ipsi
837 1455 877 1493 in
906 1454 1184 1503 misericordia,
1208 1462 1246 1494 et
1271 1453 1552 1493 nichilominus
1583 1461 1766 1492 oneretur
1794 1452 1902 1492 idern

320 1519 471 1556 Alanus
492 1520 542 1558 de
562 1520 695 1569 precio
715 1519 906 1569 predicto.

374 1585 476 1622 Item
524 1592 752 1633 presentant
800 1586 909 1635 quod
958 1583 1093 1633 viginti
1139 1583 1270 1623 averia
1317 1583 1562 1622 diversorum
1608 1581 1817 1620 hominum
1857 1582 1908 1620 de

320 1648 531 1697 Kynthorp
551 1647 711 1687 inventa
737 1651 890 1687 fuerunt
920 1648 960 1686 in
990 1648 1199 1687 dominicis
1229 1650 1280 1687 de
1310 1648 1530 1698 Pickering,
1552 1646 1674 1698 precii
1694 1646 1907 1697 cujuslibet

317 1711 397 1761 iiijS.
456 1713 577 1751 Unde
597 1713 729 1751 villata
749 1714 798 1752 de
822 1715 1033 1763 Kynthorp
1055 1714 1321 1763 respondebit.

372 1778 475 1814 Item
496 1785 723 1826 presentant
743 1779 852 1827 quod
873 1780 1013 1816 decern
1043 1779 1135 1816 stirk
1157 1779 1225 1828 qui
1246 1780 1401 1817 fuerunt
1421 1778 1615 1828 Johannis
1637 1778 1687 1816 de
1709 1778 1905 1828 Rouceby

317 1840 466 1880 inventi
486 1843 642 1881 fuerunt
671 1842 711 1880 in
743 1843 849 1881 Haia
878 1844 928 1881 de
960 1845 1089 1893 Dalby
1109 1857 1178 1893 per
1206 1845 1376 1883 wardam
1405 1845 1549 1882 factam
1579 1850 1618 1882 et
1648 1857 1730 1882 non
1751 1842 1907 1892 agistati

317 1904 384 1954 qui
405 1906 509 1955 capti
538 1907 693 1946 fuerunt
722 1914 911 1957 tanquam
940 1909 1127 1947 forisfacti
1156 1922 1226 1958 per
1255 1909 1418 1948 assisam
1449 1911 1592 1948 foreste
1622 1916 1660 1947 et
1689 1907 1906 1958 appreciati

317 1972 368 2009 ad
387 1979 449 2008 xx⁵
469 1978 507 2010 et
527 1972 699 2010 retraditi
720 1973 849 2011 eidem
869 1973 1043 2022 Johanni
1065 1987 1133 2024 per
1153 1974 1326 2024 plegium
1348 1973 1495 2023 Rogeri
1525 1975 1575 2012 de
1607 1974 1905 2012 Mannesherne

315 2036 364 2073 ad
387 2035 514 2074 dictos
534 2035 628 2074 stirk
661 2038 866 2076 habendos
896 2040 948 2076 ad
981 2038 1143 2076 assisam
1178 2039 1303 2077 istam.
1365 2039 1446 2088 Qui
1483 2040 1606 2077 modo
1641 2052 1723 2077 non
1754 2038 1905 2085 venit?¹ss

315 2099 406 2138 ideo
426 2099 509 2150 ipse
529 2100 568 2138 in
589 2101 856 2141 misericordia
886 2110 923 2141 et
952 2102 1233 2142 nichilominus
1263 2111 1448 2142 oneretur
1477 2103 1584 2142 idem
1614 2104 1821 2153 Johannes
1853 2104 1904 2142 de

317 2165 450 2214 precio
475 2165 662 2214 predicto.

318 2293 435 2342 John,
472 2306 545 2332 son
574 2295 617 2332 of
643 2293 820 2342 Gilbert3
845 2294 885 2332 in
918 2297 1059 2346 Scalby
1090 2298 1182 2346 Hay
1202 2310 1225 2335 a
1255 2296 1320 2346 pig
1340 2298 1462 2335 worth
1498 2304 1542 2345 1⁵,
1565 2298 1631 2335 the
1661 2305 1844 2347 property
1865 2299 1910 2336 of

320 2359 463 2396 Walter
491 2359 542 2397 de
572 2360 735 2405 Burton‚
767 2359 853 2397 four
895 2358 979 2409 pigs
1014 2361 1137 2398 worth
1180 2363 1229 2408 8⁵,
1262 2362 1329 2400 the
1366 2369 1551 2411 property
1585 2363 1630 2400 of
1653 2362 1823 2400 William
1853 2363 1905 2402 de

317 2424 489 2470 Fulford,
521 2424 600 2461 and
629 2424 730 2473 forty
762 2424 885 2473 sheep
914 2425 1036 2463 worth
1076 2432 1111 2463 1s
1145 2426 1254 2472 each,
1276 2426 1343 2464 the
1377 2433 1564 2475 property
1598 2427 1643 2465 of
1680 2428 1822 2476 Henry
1854 2428 1905 2466 de

316 2488 577 2537 Bougheland
595 2501 606 2536 3
650 2487 690 2525 in
725 2489 927 2538 Langdale
958 2502 980 2527 a
1014 2502 1093 2528 sow
1123 2491 1245 2529 worth
1282 2497 1329 2537 2⁵,
1365 2490 1432 2529 the
1463 2497 1648 2540 property
1679 2492 1723 2528 of
1764 2492 1904 2541 Henry

316 2552 488 2602 Gering;
519 2552 559 2590 in
580 2553 798 2601 Wykeham
818 2555 949 2592 Wood
983 2555 1058 2593 five
1079 2554 1163 2604 pigs
1183 2556 1305 2593 worth
1331 2562 1403 2602 10⁵,
1427 2555 1494 2593 the
1524 2562 1708 2605 property
1728 2556 1774 2593 of
1797 2557 1902 2594 Alan

316 2616 426 2663 Lille,
449 2617 575 2655 which
594 2631 695 2656 were
715 2619 891 2656 restored
912 2626 952 2657 to
982 2618 1064 2657 him
1094 2633 1147 2658 on
1177 2621 1360 2669 Geoffrey
1381 2620 1448 2658 the
1477 2619 1597 2658 smith
1627 2621 1706 2658 and
1726 2621 1902 2659 Thomas

315 2681 366 2719 de
401 2682 569 2720 Newton
604 2681 720 2731 being
754 2682 915 2720 sureties
946 2684 1005 2720 for
1041 2683 1141 2722 their
1171 2684 1409 2733 production
1439 2691 1477 2722 at
1507 2684 1574 2723 the
1607 2692 1766 2734 present
1787 2686 1900 2734 Eyre,

315 2744 440 2783 which
460 2744 492 2783 is
520 2751 590 2783 not
620 2746 752 2793 done3
781 2745 821 2783 in
853 2747 920 2784 the
951 2747 1140 2786 demesne
1171 2749 1285 2786 lands
1317 2749 1363 2786 of
1385 2747 1593 2799 Pickering
1621 2756 1764 2798 twenty
1784 2750 1902 2788 cattle

316 2811 436 2848 worth
467 2817 506 2858 4S
526 2808 684 2861 „apiece,
718 2811 785 2848 the
818 2818 1003 2860 property
1037 2813 1082 2850 of
1119 2812 1300 2851 different
1335 2826 1427 2851 men
1462 2812 1503 2851 in
1536 2813 1798 2864 Kingthorpe‚
1834 2814 1902 2852 the

317 2875 509 2925 township
529 2875 560 2914 is
589 2876 860 2925 responsible3
890 2876 931 2915 in
961 2878 1090 2926 Dalby
1113 2879 1205 2927 Hay
1226 2884 1292 2915 ten
1323 2878 1436 2916 stirks
1456 2879 1578 2917 worth
1610 2877 1698 2927 AI,
1721 2880 1788 2918 the
1817 2891 1903 2929 pro-

316 2948 425 2988 perty
446 2941 490 2978 of
504 2941 611 2989 John
631 2941 681 2979 de
703 2942 855 2990 Roxby,
878 2942 1052 2979 restored
1074 2954 1126 2979 on
1147 2943 1280 2991 Roger
1300 2943 1349 2981 de
1372 2944 1584 2994 Mansergh
1605 2944 1725 2994 being
1744 2951 1873 2993 surety
1890 2957 1901 2990 ς

684 3022 697 3037 *
726 3022 835 3061 Roger
852 3032 917 3054 was
934 3022 1028 3060 dead,
1048 3033 1094 3053 see
1110 3022 1184 3054 Vol.
1207 3023 1267 3062 11.‚
1289 3023 1388 3063 N.S.,
1409 3035 1439 3065 p.
1462 3032 1534 3064 241.
