2044 3491
326 214 380 268 36
692 196 863 257 nucHY
896 224 956 257 OF
990 223 1281 256 LANCASTER
1314 223 1549 256 RECORDS.

328 323 436 362 unde
456 321 577 362 iidem
598 329 777 362 tenentes
808 324 1024 362 eorundem
1044 321 1314 361 viridariorum
1343 323 1612 372 respondeant
1641 327 1678 360 et
1708 334 1779 372 pro
1809 319 1915 360 foris«

330 390 480 427 factura
500 389 679 438 ejusdem
699 387 782 438 xijd.

385 455 486 492 Item
507 460 733 503 presentant
755 453 865 503 quod
885 454 1036 491 Alanus
1057 452 1158 490 filius
1180 451 1392 490 Alexandri
1413 452 1463 490 de
1484 452 1627 500 Neuby
1641 450 1744 500 cepit
1765 449 1914 488 ibidem

331 532 451 557 unam
473 519 703 569 querculum
733 518 831 556 infra
860 518 1105 557 dominicum
1138 517 1259 568 precii
1291 518 1452 555 obolum
1485 523 1522 555 et
1553 515 1736 555 dimissus
1758 515 1828 553 fuit
1848 527 1918 564 per

330 591 631 632 manucaptores
646 597 769 634 usque
789 584 840 622 ad
861 583 1022 622 assisam
1043 583 1156 621 istam
1168 598 1178 631 3
1199 582 1265 633 qui
1282 583 1403 620 modo
1424 595 1504 619 non
1528 580 1634 620 venit
1653 594 1728 619 nec
1748 580 1853 629 prius
1875 592 1917 618 se

332 648 514 688 reddidit.
545 683 554 689 .
576 650 676 687 Ideo
715 650 766 687 ad
811 648 1006 697 judicium
1046 649 1097 687 de
1135 646 1483 696 manucaptoribus
1523 646 1602 684 suis
1642 653 1680 684 et
1717 644 1917 695 predictus

333 715 482 752 Alanus
503 714 758 763 respondebit
779 714 829 752 de
849 712 982 763 precio
1002 713 1116 751 viridi
1137 711 1303 762 predicti
1324 719 1362 750 et
1382 724 1453 761 pro
1475 710 1718 749 forisfactura
1739 710 1916 760 ejusdem

333 778 401 829 vjd.
463 781 606 818 Postea
628 785 813 817 testatum
835 786 892 817 est
914 778 1024 828 quod
1053 783 1354 826 manucaptores
1386 775 1445 813 sui
1466 774 1661 823 obierunt,
1684 774 1776 813 ideo
1796 772 1918 811 nichil

335 843 497 882 ulterius
519 845 569 882 de
589 844 655 882 eis,

389 911 492 948 Item
513 915 740 958 presentant
764 909 872 957 quod
902 908 1078 947 Thomas
1109 907 1253 945 Russel
1283 905 1351 956 qui
1381 904 1478 944 obiit
1508 904 1612 954 cepit
1632 903 1799 943 viridum
1821 903 1860 941 in
1881 904 1918 941 le

336 974 568 1013 Cahevedes
590 973 688 1010 infra
709 972 954 1011 dominicum
985 972 1106 1022 precii
1133 970 1180 1021 jd,
1202 972 1309 1009 unde
1339 970 1459 1009 iidem
1490 977 1670 1009 tenentes
1701 969 1918 1008 eorundem

333 1037 602 1076 viridariorum
635 1038 903 1087 respondeant
923 1038 974 1076 de
1003 1035 1136 1086 precio
1157 1035 1269 1074 viridi
1299 1034 1469 1085 predicti
1504 1041 1543 1073 et
1574 1047 1646 1084 pro
1680 1033 1920 1072 forisfactura

332 1101 512 1150 ejusdem
532 1098 615 1149 xijd.

389 1166 492 1203 Item
530 1170 758 1214 presentant
797 1164 907 1213 quod
947 1163 1156 1202 Umfridus
1194 1164 1328 1203 Tober
1360 1163 1425 1214 qui
1459 1163 1556 1202 obiit
1591 1161 1694 1213 cepit
1733 1160 1920 1201 undecim

336 1242 502 1278 quercus
522 1228 665 1267 virides
686 1228 725 1266 in
745 1229 976 1266 Wheledale
997 1227 1095 1266 infra
1117 1227 1361 1267 dominicum
1385 1227 1504 1278 precii
1525 1227 1733 1277 cujuslibet
1759 1225 1795 1276 jd
1815 1233 1852 1264 et
1874 1238 1920 1264 ea

335 1293 524 1332 cariavit*
553 1307 643 1331 cum
673 1306 753 1331 uno
785 1294 958 1343 plaustro
993 1299 1031 1331 et
1066 1306 1132 1331 sex
1164 1294 1291 1332 bobus
1326 1307 1403 1343 que
1437 1293 1709 1343 appreciantur
1738 1290 1921 1330 videlicet

334 1360 550 1408 plaustrum
572 1359 623 1396 ad
643 1359 679 1407 vj
703 1357 886 1396 denarios
908 1364 945 1395 et
967 1370 1034 1395 sex
1055 1358 1175 1396 boves
1196 1359 1248 1396 ad
1277 1359 1366 1407 xij,
1388 1358 1509 1407 precii
1531 1357 1742 1406 cujuslibet
1761 1357 1802 1406 ijS
1821 1354 1920 1404 viijd.

335 1425 458 1462 Unde
494 1431 673 1462 tenentes
712 1431 899 1462 terrarum
940 1430 978 1461 et
1016 1429 1334 1467 tenementorum
1376 1436 1452 1472 que
1487 1424 1642 1461 fuerunt
1663 1417 1837 1459 *Ricardi
1871 1421 1922 1458 de

333 1490 496 1527 Skelton
540 1501 665 1538 nuper
708 1487 896 1527 Custodis
930 1486 1040 1525 istius
1078 1489 1232 1534 foreste,
1269 1488 1320 1526 ad
1355 1489 1466 1537 cujus
1501 1500 1641 1525 manus
1676 1485 1922 1525 forisfacture

333 1553 510 1603 predicte
549 1552 779 1591 devenerint
818 1553 1087 1601 respondeant
1127 1559 1164 1590 et
1203 1565 1275 1602 pro
1323 1551 1457 1601 precio
1496 1553 1677 1601 ejusdem
1718 1550 1830 1589 viridi
1881 1555 1920 1588 et

333 1617 512 1656 similiter
531 1631 601 1667 pro
623 1617 867 1655 forisfactura
889 1618 1066 1667 ejusdem
1087 1618 1150 1666 ij.

389 1684 491 1721 Item
513 1689 739 1732 presentant
760 1683 869 1732 quod
893 1682 1100 1731 Johannes
1122 1683 1172 1720 de
1195 1683 1381 1731 Lyndryk
1400 1682 1466 1732 qui
1487 1681 1584 1721 obiit
1613 1681 1716 1732 cepit
1736 1680 1922 1720 undecim

337 1760 505 1797 quercus
526 1747 668 1785 virides
688 1747 728 1785 in
749 1748 981 1785 Wheledale
1003 1747 1101 1784 infra
1122 1746 1364 1785 dominicum
1396 1747 1517 1797 precii
1537 1747 1745 1797 cujuslibet
1763 1745 1798 1796 j(l
1819 1754 1857 1785 et
1878 1759 1924 1784 ea

333 1811 495 1850 cariavit
529 1825 619 1850 cum
656 1826 736 1850 uno
777 1813 952 1862 plaustro
985 1818 1023 1850 et
1057 1824 1127 1850 sex
1161 1812 1290 1850 bobus
1324 1825 1402 1861 que
1436 1812 1709 1862 appreciantur
1742 1810 1924 1850 videlicet

337 1942 507 1992 saplings
540 1943 648 1980 there
681 1942 815 1979 within
855 1942 921 1980 the
960 1942 1160 1988 demesne,
1192 1941 1306 1979 value
1346 1939 1396 1979 rd.
1456 1940 1554 1978 Fine
1590 1947 1635 1978 1⁵.
1694 1940 1783 1978 The
1814 1951 1923 1978 same

336 2020 501 2057 persons
522 2006 775 2056 responsible.

390 2073 504 2119 Alan,
528 2085 598 2110 son
630 2073 676 2110 of
701 2071 926 2110 Alexander
957 2072 1007 2109 de
1040 2071 1201 2120 Newby,
1224 2070 1320 2107 took
1351 2082 1373 2107 a
1404 2081 1535 2119 young
1564 2069 1639 2106 oak
1660 2069 1768 2107 there
1788 2066 1923 2106 within

336 2137 404 2175 the
439 2138 637 2183 demesne,
661 2137 775 2174 value
812 2135 866 2185 ἑά,
903 2136 983 2174 and
1012 2148 1088 2173 was
1122 2135 1174 2173 let
1205 2141 1275 2172 out
1306 2147 1358 2172 on
1392 2133 1480 2173 bail.
1542 2136 1609 2172 He
1641 2134 1712 2172 has
1743 2140 1813 2172 not
1847 2146 1924 2171 sur-

336 2202 530 2240 rendered
557 2201 636 2239 and
658 2201 754 2238 does
775 2208 845 2238 not
865 2213 1019 2249 appear.
1079 2201 1141 2237 To
1172 2199 1381 2248 judgment
1401 2198 1492 2237 with
1522 2198 1582 2236 his
1614 2197 1692 2236 bail
1720 2199 1800 2236 and
1822 2198 1871 2236 he
1893 2197 1923 2235 Is

338 2265 595 2315 responsible.
653 2264 750 2303 Fine
771 2263 827 2302 ὀᾶ.
886 2264 1121 2303 Afterwards
1142 2263 1170 2301 it
1190 2276 1354 2313 appears
1375 2264 1458 2301 that
1478 2263 1537 2301 his
1557 2263 1635 2302 bail
1655 2276 1720 2301 are
1741 2263 1856 2310 dead,
1878 2274 1923 2300 so

336 2329 600 2381 proceedings
622 2329 772 2379 against
793 2329 901 2367 thern
923 2342 988 2366 are
1008 2329 1154 2377 stayed.

391 2396 567 2433 Thomas
598 2394 766 2440 Russell,
789 2393 995 2439 deceased,
1018 2393 1114 2430 took
1142 2399 1225 2430 vert
1256 2391 1295 2430 in
1330 2392 1397 2430 the
1429 2392 1663 2431 Caveheads
1692 2391 1826 2430 within
1855 2392 1924 2430 the

339 2461 540 2506 demesne,
562 2459 676 2497 value
710 2456 759 2496 1²³.
820 2457 917 2496 Fine
954 2464 998 2495 1⁵.
1057 2458 1145 2496 The
1177 2470 1284 2495 same
1315 2469 1537 2495 successors
1572 2463 1612 2495 to
1633 2456 1701 2495 the
1723 2457 1923 2495 verderers

339 2523 595 2574 responsible.

394 2589 630 2638 Humphrey
650 2588 792 2634 Tober,
817 2587 1023 2634 deceased,
1045 2586 1140 2624 took
1169 2586 1307 2624 eleven
1340 2598 1459 2635 green
1492 2586 1587 2623 oaks
1622 2585 1662 2623 in
1691 2585 1923 2624 Wheeldale

339 2653 474 2691 within
503 2654 571 2691 the
592 2654 793 2700 demesne,
814 2653 927 2690 value
953 2650 993 2688 Ῑᾶ
1014 2651 1122 2697 each,
1144 2652 1224 2688 and
1245 2649 1393 2689 carried
1414 2651 1522 2689 them
1543 2663 1648 2700 away
1663 2649 1704 2687 in
1724 2663 1747 2687 a
1763 2663 1923 2699 waggon

341 2719 473 2757 drawn
494 2719 545 2766 by
566 2716 624 2754 six
657 2729 768 2755 oxen.
828 2717 917 2754 The
950 2728 1111 2766 waggon
1141 2715 1172 2753 is
1205 2715 1349 2753 valued
1378 2721 1417 2753 at
1439 2714 1494 2762 6d,
1518 2715 1613 2753 each
1637 2728 1685 2753 ox
1706 2721 1744 2752 at
1768 2721 1804 2751 2⁵
1825 2713 1924 2752 8¹³—

339 2784 411 2831 ie„
433 2783 500 2820 the
521 2782 578 2820 six
598 2789 637 2820 at
662 2783 734 2820 16⁵.
794 2781 891 2819 Fine
916 2787 987 2818 11⁵.
1047 2779 1221 2818 Richard
1242 2781 1292 2819 de
1322 2780 1496 2827 Skelton‚
1518 2780 1698 2829 formerly
1719 2779 1864 2828 keeper
1884 2780 1929 2817 of

339 2849 406 2886 the
427 2849 556 2894 forest,
579 2846 761 2885 received
782 2846 848 2884 the
868 2858 1023 2894 money,
1045 2845 1126 2883 and
1146 2843 1205 2882 his
1227 2857 1448 2883 successors
1469 2857 1534 2882 are
1554 2843 1811 2894 responsible.

393 2913 500 2963 John
530 2913 580 2951 de
611 2910 812 2958 Lindrick,
834 2910 1041 2956 deceased,
1064 2910 1158 2947 took
1189 2909 1325 2947 eleven
1354 2921 1473 2958 green
1505 2908 1601 2946 oaks
1632 2907 1673 2945 in
1693 2907 1924 2946 Wheeldale

340 2977 470 3015 within
500 2978 566 3015 the
585 2978 786 3023 demesne,
808 2976 920 3014 value
945 2972 986 3012 1d
1007 2974 1115 3022 each,
1137 2974 1216 3011 and
1237 2973 1386 3012 carried
1407 2974 1514 3011 them
1535 2985 1640 3021 away
1660 2971 1699 3009 in
1720 2984 1742 3010 a
1762 2984 1923 3021 waggon

443 3053 457 3068 *
484 3052 564 3082 This
581 3062 684 3083 seems
701 3055 734 3082 to
749 3050 839 3082 show
856 3049 926 3082 that
944 3049 1000 3081 the
1016 3048 1097 3080 oaks
1113 3048 1209 3080 could
1227 3053 1283 3080 not
1300 3048 1384 3080 have
1400 3048 1484 3080 been
1501 3047 1538 3079 of
1557 3057 1621 3087 any
1636 3050 1727 3087 great
1744 3045 1817 3078 size.
