2044 3491
723 244 959 278 COUCHER
991 243 1136 277 BooK.
1675 249 1726 289 41

142 345 442 384 Bartholomeus
471 345 706 394 respondeat
738 345 789 383 de
819 342 953 394 precio
973 342 1086 382 viridi
1119 342 1286 392 predicti
1315 350 1354 382 et
1388 356 1458 393 pro
1488 344 1730 383 forisfactura

142 411 321 458 ejusdem
350 411 413 459 ij.
472 411 614 447 Postea
653 416 837 447 testatum
871 415 928 446 est
961 408 1070 458 quod
1102 414 1402 457 manucaptores
1437 407 1495 446 sui
1525 407 1731 457 obierunt;

142 473 235 512 ideo
256 473 376 512 nichil
396 472 556 511 ulterius
578 474 628 511 de
649 473 715 511 eis.

198 540 300 576 Item
335 544 561 588 presentant
594 539 703 587 quod
724 537 942 576 Willelmus
975 538 1025 576 de
1058 537 1214 575 Yeland
1246 536 1314 586 qui
1345 536 1441 574 obiit
1475 536 1580 586 cepit
1609 549 1730 574 unam

143 603 307 641 viridem
343 615 529 653 quercum
572 602 612 640 in
651 604 774 640 bosco
813 603 863 641 de
904 603 1116 651 Kynthorp
1156 609 1262 640 extra
1300 601 1544 640 dominicum
1582 602 1732 650 absque

143 667 382 706 liberacione
420 668 710 706 forestariorum
750 667 831 706 sive
869 675 1050 706 waranto.
1111 667 1210 704 Ideo
1250 665 1334 715 ipse
1371 665 1411 703 in
1451 665 1730 713 misericordia,

143 734 250 771 unde
290 732 481 771 Katerina
519 733 569 770 de
608 733 764 771 Yeland
802 739 941 770 tenens
980 739 1169 770 terrarum
1218 738 1256 770 et
1294 738 1613 770 tenementorum
1653 744 1730 780 que

143 799 299 836 fuerunt
320 796 440 847 ipsius
461 796 648 835 Willelmi
668 797 916 846 respondeat.

201 863 304 900 Item
324 868 549 911 presentant
570 862 677 911 quod
700 861 898 899 Robertus
919 862 983 899 del
1005 860 1087 900 Clif
1101 859 1169 911 qui
1189 859 1286 899 obiit
1306 859 1408 910 cepit
1430 873 1550 898 unam
1570 859 1734 899 viridem

145 939 332 977 quercum
354 925 502 964 ibidem
524 934 629 964 extra
650 925 893 964 dominicum
916 926 1066 975 absque
1086 925 1325 964 liberacione
1345 925 1634 963 forestariorum
1655 925 1736 964 sive

145 998 326 1029 waranto.
386 991 486 1028 Ideo
520 988 603 1039 ipse
635 989 674 1027 in
708 987 821 1042 [268]
855 989 1134 1037 misericordia,
1166 991 1273 1028 unde
1303 990 1520 1028 Willelmus
1551 992 1735 1040 Latymer

146 1063 285 1094 tenens
333 1061 521 1093 terrarum
581 1060 618 1092 et
676 1061 992 1093 tenementorum
1045 1067 1123 1104 que
1180 1056 1336 1094 fuerunt
1392 1054 1514 1105 ipsius
1568 1055 1736 1094 Roberti

146 1120 396 1169 respondeat.

201 1185 304 1222 Item
326 1188 551 1232 presentant
571 1183 680 1232 quod
701 1182 864 1222 domina
885 1183 1072 1222 Beatrix*
1093 1185 1144 1223 de
1174 1185 1397 1234 Farmanby
1417 1198 1493 1234 que
1514 1184 1611 1224 obiit
1631 1184 1736 1235 cepit

147 1261 267 1286 unam
288 1247 451 1286 viridem
480 1259 672 1296 quercum
708 1255 816 1286 extra
848 1248 1092 1286 dominicum
1128 1250 1278 1298 absque
1312 1249 1549 1287 liberacione
1579 1251 1737 1289 foresta-

147 1313 290 1352 riorum
331 1313 411 1351 sive
448 1318 645 1359 waranto‚·
693 1310 785 1350 ideo
833 1311 917 1362 ipsa
963 1313 1003 1350 in
1051 1312 1329 1360 misericordia,
1371 1314 1478 1352 unde
1516 1314 1734 1353 Willelmus

150 1379 332 1427 Hastyng
352 1384 489 1415 tenens
510 1383 697 1414 terrarum
718 1384 756 1414 et
776 1382 1093 1415 tenementorum
1124 1389 1201 1426 que
1230 1378 1386 1415 fuerunt
1407 1377 1528 1427 ipsius
1550 1378 1737 1416 Beatricis

147 1442 395 1492 respondeat.

204 1508 306 1545 Item
338 1512 564 1556 presentant
602 1506 710 1555 quod
744 1503 970 1545 Alexander
1009 1508 1059 1546 de
1090 1507 1356 1545 Wandesdale
1395 1506 1462 1557 qui
1501 1507 1597 1546 obiit
1635 1506 1740 1557 cepit

149 1581 269 1606 unam
303 1567 466 1607 viridem
502 1582 691 1619 quercum
723 1570 763 1608 in
798 1571 1075 1621 Langwathsid
1108 1571 1207 1609 infra
1241 1571 1485 1610 dominicum
1523 1571 1645 1622 precii
1679 1570 1738 1621 ijd,

149 1633 256 1671 unde
278 1632 404 1671 Alicia
433 1633 512 1672 filia
542 1635 627 1683 ejus
663 1642 801 1673 tenens
837 1643 1023 1674 terrarum
1059 1645 1097 1675 et
1130 1643 1447 1675 tenementorum
1479 1651 1556 1687 que
1585 1639 1742 1676 fuerunt

150 1696 273 1747 ipsius
294 1698 509 1737 Alexandri
529 1700 784 1749 respondebit
805 1701 855 1739 de
875 1701 1008 1751 precio
1029 1700 1144 1740 viridi
1164 1701 1330 1751 predicti
1350 1709 1387 1740 et
1409 1715 1479 1752 pro
1500 1702 1742 1741 forisfactura

151 1763 328 1812 ejusdem
349 1762 400 1812 ijs.

207 1828 309 1866 Item
337 1835 565 1877 presentant
594 1830 703 1880 quod
733 1830 952 1869 Nicholaus
982 1831 1033 1869 de
1066 1833 1249 1881 Hastyng
1284 1831 1352 1882 qui
1381 1831 1478 1870 obiit
1499 1830 1603 1881 cepit
1623 1844 1742 1870 unam

150 1891 315 1930 viridem
359 1906 548 1941 quercum
586 1893 627 1931 in
671 1894 843 1933 Crosclif
881 1903 987 1934 extra
1029 1895 1275 1934 dominicum
1315 1897 1464 1946 absque
1505 1896 1742 1935 liberacione

151 2048 183 2087 is
222 2049 465 2099 responsible
494 2051 553 2088 for
591 2051 658 2089 the
696 2052 810 2089 value
849 2052 929 2089 and
968 2065 990 2089 a
1028 2052 1106 2089 fine
1140 2052 1185 2089 of
1223 2058 1295 2088 11⁵.
1353 2051 1604 2099 Afterwards,
1638 2064 1680 2089 as
1714 2051 1744 2089 it

152 2126 316 2163 appears
337 2115 420 2152 that
441 2114 500 2152 his
521 2115 599 2152 bail
620 2128 684 2153 are
705 2116 820 2162 dead,
842 2115 1102 2164 proceedings
1123 2115 1274 2163 against
1295 2116 1402 2153 them
1424 2128 1488 2153 are
1510 2117 1658 2165 stayed.

205 2178 376 2216 William
397 2179 447 2216 de
468 2179 633 2226 Yeland,
657 2180 863 2226 deceased,
887 2180 983 2218 took
1003 2193 1025 2217 a
1045 2193 1164 2229 green
1185 2180 1262 2217 oak
1281 2179 1322 2217 in
1345 2180 1597 2229 Kingthorpe
1627 2181 1743 2218 wood

155 2242 318 2280 without
340 2243 407 2281 the
428 2243 628 2288 demesne,
650 2243 812 2282 without
832 2243 951 2293 livery
972 2245 1016 2282 of
1043 2245 1109 2282 the
1141 2245 1323 2283 foresters
1357 2257 1401 2283 or
1432 2251 1604 2283 warrant.
1666 2244 1743 2283 His

157 2319 369 2354 successor,
394 2307 606 2346 Catherine
627 2308 677 2346 de
697 2309 864 2356 Yeland,
888 2307 920 2346 is
940 2308 1196 2358 responsible.

211 2372 363 2411 Robert
400 2373 465 2411 del
504 2372 592 2420 Clis,
633 2373 841 2420 deceased,
882 2373 979 2411 took
1017 2385 1041 2411 a
1078 2385 1197 2422 green
1231 2373 1307 2410 oak
1342 2373 1452 2412 there
1485 2371 1648 2412 without
1677 2373 1745 2412 the

157 2436 355 2484 demesne,
378 2436 542 2476 without
569 2437 690 2487 livery
722 2439 767 2477 of
794 2438 862 2476 the
891 2438 1074 2477 foresters
1109 2450 1153 2476 or
1185 2444 1356 2476 warrant.
1418 2437 1496 2476 His
1530 2450 1743 2486 successor,

157 2499 329 2538 William
350 2500 534 2548 Latimer,
557 2500 590 2539 is
609 2500 864 2551 responsible.

210 2565 300 2603 The
338 2566 450 2615 Lady
481 2565 661 2604 Beatrice
699 2567 744 2604 of
773 2566 1036 2616 Farmandby,
1073 2566 1281 2613 deceased,
1315 2566 1413 2605 took
1451 2578 1474 2604 a
1511 2578 1631 2616 green
1670 2566 1748 2604 oak

159 2627 323 2668 without
342 2631 410 2668 the
430 2631 630 2678 demesne,
653 2631 817 2669 without
832 2630 952 2680 livery
973 2632 1018 2668 of
1042 2631 1109 2669 the
1139 2631 1321 2669 foresters
1351 2643 1394 2669 or
1423 2637 1597 2670 warrant.
1658 2632 1746 2669 Her

161 2706 373 2741 successor,
395 2694 566 2733 William
589 2694 793 2744 Hastings,
815 2694 847 2732 is
867 2694 1124 2744 responsible.

214 2758 438 2797 Alexander
458 2759 508 2797 de
528 2759 804 2806 Wandesdale,
827 2759 1034 2805 deceased,
1057 2759 1153 2797 took
1172 2771 1196 2796 a
1215 2771 1334 2808 green
1355 2759 1431 2797 oak
1460 2757 1500 2796 in
1536 2759 1748 2807 Langwath

163 2821 248 2859 side
263 2821 398 2859 within
418 2823 484 2860 the
506 2823 706 2870 demesne,
721 2823 835 2861 value
851 2821 893 2860 κά
908 2837 918 2871 5
938 2823 1016 2861 fine
1035 2829 1081 2861 2³.
1142 2822 1219 2860 His
1233 2824 1424 2873 daughter
1437 2823 1517 2861 and
1533 2834 1745 2868 successor,

163 2885 286 2932 Alice,
310 2885 341 2923 is
361 2887 616 2935 responsible¹

219 2949 409 2988 Nicholas
440 2951 491 2989 de
524 2950 725 3001 Hastings,
762 2951 969 2998 deceased,
1005 2951 1102 2989 took
1136 2963 1158 2989 a
1191 2964 1309 3002 green
1344 2951 1420 2990 oak
1453 2949 1493 2988 in
1526 2949 1749 2989 Crosscliffe

771 3063 789 3105 ἦ
813 3065 881 3104 z'.e.,
900 3064 941 3097 de
959 3064 1151 3106 Hastinges.
