2044 3491
233 197 290 271 84·
597 228 769 260 DUCHY
801 226 862 258 OF
898 226 1189 258 LANCASTER
1222 226 1456 258 RECORDS,

232 339 381 365 annum
411 332 449 364 et
470 323 645 363 similiter
665 324 866 374 escapium
898 324 1036 361 Lande
1056 324 1106 361 de
1128 324 1295 374 Dalleby
1316 338 1338 362 a
1359 325 1511 362 Pascha
1535 337 1659 374 usque
1680 325 1822 363 festum

235 391 367 430 Sancti
402 389 620 437 Michaelis,
653 389 802 428 scilicet
836 402 906 438 pro
939 387 1117 438 quolibet
1150 387 1281 427 averio
1310 389 1435 439 prima
1463 396 1502 427 et
1531 390 1707 427 secunda
1735 388 1822 427 vice

234 463 350 505 capto
379 468 450 503 pro
480 454 657 504 quolibet
686 454 790 504 pede
815 453 864 503 jd,
889 455 1016 491 warda
1045 460 1177 491 tamen
1207 453 1300 491 inde
1330 467 1411 491 non
1441 454 1553 500 facta,
1578 462 1617 492 et
1646 452 1823 491 similiter

234 520 454 558 habuerunt
488 517 697 568 caplicium
731 531 799 567 per
830 524 953 556 totam
986 516 1170 555 ballivam
1203 530 1312 555 suam
1349 517 1464 555 salvis
1499 517 1700 556 estoveriis
1732 524 1819 564 ete„

234 591 273 623 et
293 583 468 622 similiter
488 582 632 621 siccam
652 583 816 621 buscam
845 582 896 620 ad
925 589 1064 620 terram
1093 589 1326 631 prostratam
1356 582 1470 620 salvis
1500 581 1701 621 estoveriis
1732 589 1820 628 etc.,

237 661 397 688 necnon
417 649 571 685 firmam
602 646 875 696 colligencium
896 659 1017 685 nuces
1052 645 1092 684 in
1123 646 1332 684 dominicis
1364 646 1548 696 predictis
1579 647 1694 685 salvis
1723 654 1823 685 esto-

235 712 350 752 veriis
386 719 472 759 etc.,
495 724 652 750 necnon
687 710 1043 760 retropannagium‚
1065 710 1270 758 retallium,
1292 711 1477 750 corticem
1508 719 1546 750 et
1580 724 1823 761 cooperones

235 778 286 816 de
321 776 545 826 quercubus
579 775 680 813 datis
712 787 780 813 seu
812 776 863 813 ad
897 788 996 824 opus
1028 774 1181 813 domini
1212 775 1347 824 captis,
1381 783 1418 814 et
1446 777 1497 814 de
1524 776 1710 815 omnibus
1738 775 1822 814 aliis

234 842 438 880 arboribus
465 841 608 878 eodem
642 840 763 878 modo
794 847 832 878 et
862 852 945 878 non
975 839 1157 886 venditis,
1179 847 1217 878 et
1246 841 1323 878 hoc
1343 848 1501 890 paratus
1538 849 1596 879 est
1624 840 1822 879 verificare

233 912 350 955 prout
380 905 499 944 Curia
528 912 600 943 etc.
660 905 761 942 Ideo
795 903 1013 953 inquiratur
1041 903 1136 942 inde
1163 904 1304 943 veritas
1333 917 1403 954 per
1421 905 1619 944 ministros
1641 906 1820 954 ejusdem

233 971 384 1009 foreste.
445 969 525 1018 Qui
554 968 702 1007 scilicet
730 967 910 1015 viridarii,
933 969 1201 1018 regardatores
1231 977 1269 1007 et
1298 969 1526 1019 agistatores
1547 969 1684 1008 dicunt
1705 982 1822 1019 super

234 1041 521 1072 sacramentum
543 1046 658 1071 suum
680 1034 789 1082 quod
811 1034 950 1071 eadem
982 1032 1195 1071 Petronilla
1215 1041 1253 1072 et
1274 1046 1411 1073 omnes
1431 1042 1699 1073 antecessores
1720 1034 1778 1072 sui
1799 1047 1822 1072 a

232 1107 411 1149 tempore
432 1112 511 1148 quo
531 1111 613 1136 non
634 1105 738 1136 extat
759 1097 950 1136 memoria
970 1111 1061 1136 cum
1092 1097 1270 1147 predicto
1297 1100 1427 1137 Alano
1447 1099 1497 1137 de
1519 1099 1695 1137 Wrelton
1724 1100 1819 1137 dum

231 1164 337 1210 vixit,
360 1165 516 1202 fuerunt
544 1161 733 1201 forestarii
762 1161 802 1199 in
833 1162 962 1208 feodo,
985 1169 1024 1200 et
1054 1175 1123 1211 pro
1153 1161 1353 1200 forestaria
1381 1162 1446 1200 illa
1475 1170 1513 1201 et
1543 1163 1715 1212 quadam
1745 1162 1820 1200 alia

230 1236 331 1267 terra
368 1241 488 1278 quarn
526 1228 666 1266 eadem
701 1226 914 1265 Petronilla
948 1233 1056 1265 tenet
1094 1226 1135 1264 in
1173 1226 1339 1276 separali
1377 1228 1577 1265 solverunt
1616 1235 1654 1265 et
1693 1228 1818 1265 solvet

231 1292 396 1332 domino
432 1291 578 1332 Comiti
612 1304 720 1329 nunc
757 1298 820 1328 xxS
853 1290 1066 1337 annuatim,
1104 1298 1142 1329 et
1179 1292 1231 1329 ad
1269 1291 1422 1329 firmam
1456 1304 1566 1329 suam
1597 1291 1818 1329 faciendam

230 1358 451 1396 habuerunt
481 1355 690 1405 caplicium
724 1368 794 1405 per
827 1362 950 1394 totam
985 1355 1167 1394 ballivam
1202 1368 1314 1393 suam
1348 1355 1388 1393 in
1423 1355 1631 1394 dominicis
1666 1356 1819 1394 domini

231 1422 344 1461 salvis
366 1421 566 1460 estoveriis
583 1420 811 1458 hominibus
832 1420 883 1458 de
905 1419 1098 1469 Pikeryng
1119 1427 1157 1458 et
1178 1421 1341 1458 Neuton
1363 1421 1414 1458 de
1434 1420 1645 1459 dominicis
1666 1420 1820 1459 domini

229 1488 281 1525 ad
310 1486 527 1525 manerium
560 1484 714 1524 domini
745 1486 796 1523 de
828 1484 1023 1534 Pikeryng
1042 1483 1323 1534 spectantibus,
1356 1491 1523 1534 excepto
1553 1484 1591 1522 in
1628 1485 1735 1523 Haia
1768 1486 1821 1524 de

230 1552 436 1600 Blandeby
456 1557 495 1589 et
514 1548 724 1588 dominicis
745 1550 795 1587 de
815 1551 864 1587 W
867 1550 1029 1596 eledale,
1051 1557 1090 1588 et
1111 1549 1235 1588 eciam
1257 1549 1401 1588 siccam
1422 1551 1583 1588 buscam
1605 1551 1656 1589 ad
1677 1558 1819 1589 terram

228 1624 459 1666 prostratam
481 1615 595 1653 salvis
616 1614 816 1653 estoveriis
833 1615 1061 1653 hominibus
1083 1614 1270 1664 predictis
1291 1624 1456 1663 excepta
1475 1614 1581 1652 Haia
1606 1613 1751 1667 [292b]
1769 1616 1820 1654 de

229 1682 435 1730 Blandeby
456 1687 494 1718 et
523 1678 733 1718 dominicis
763 1678 960 1728 predictis,
989 1687 1028 1718 et
1057 1679 1182 1718 eciam
1214 1680 1364 1717 firmam
1394 1678 1669 1728 colligencium
1698 1693 1819 1718 nuces

228 1745 269 1782 in
302 1743 512 1783 dominicis
546 1742 732 1793 predictis
767 1743 883 1781 salvis
923 1743 1125 1782 estoveriis
1164 1743 1391 1781 hominibus
1425 1743 1611 1792 predictis
1646 1744 1819 1793 exceptis

227 1817 379 1847 tantum
421 1808 526 1846 Haia
559 1809 610 1846 de
650 1808 856 1856 Blandeby
892 1814 931 1846 et
970 1807 1180 1846 dominicis
1215 1808 1266 1846 de
1308 1808 1533 1855 Weledale3
1572 1815 1610 1846 et
1645 1808 1820 1847 similiter

228 1875 449 1912 habuerunt
505 1872 853 1922 retropannagium
903 1872 944 1910 in
993 1872 1203 1911 dominicis
1260 1871 1447 1921 predictis
1501 1872 1673 1922 exceptis
1714 1872 1821 1911 Haia

228 1938 405 1988 predicta
425 1945 464 1977 et
485 1937 695 1976 dominicis
716 1936 916 1986 predictis.
966 1938 1017 1975 Et
1038 1937 1172 1986 quoad
1193 1935 1395 1985 escapium
1418 1935 1523 1974 Haie
1543 1937 1593 1974 de
1614 1938 1822 1986 Blandeby

229 2003 367 2041 dicunt
388 2003 498 2052 quod
517 2003 567 2040 ab
588 2001 750 2051 antiquo
772 2010 985 2051 antequam
1009 2001 1115 2039 Haia
1135 2001 1313 2050 predicta
1333 2001 1466 2038 clausa
1487 2000 1569 2047 fuit,
1592 2001 1821 2051 quicunque

227 2067 451 2106 forestarius
486 2079 555 2105 seu
589 2067 856 2104 wodewardus
891 2065 1091 2115 escapium
1128 2065 1167 2103 in
1203 2064 1310 2103 Haia
1343 2064 1522 2113 predicta
1555 2064 1747 2104 invenerit
1781 2075 1820 2104 et

227 2131 385 2182 ceperit,
434 2132 655 2181 proficuum
701 2129 803 2168 illius
852 2129 998 2180 escapii
1036 2129 1175 2168 habuit
1223 2137 1260 2168 et
1308 2128 1484 2179 percepit
1520 2136 1709 2179 tanquam
1747 2144 1819 2180 pro

281 2263 345 2298 An
365 2260 519 2309 inquiry
538 2258 570 2296 is
591 2258 778 2297 directed.
835 2260 923 2297 The
948 2259 1159 2306 verderers,
1187 2260 1402 2307 regarderS,
1432 2261 1512 2298 and
1545 2261 1707 2311 agisters
1739 2275 1817 2312 say,

227 2338 337 2374 upon
357 2324 457 2363 their
476 2324 582 2370 oath,
604 2323 687 2360 that
708 2324 863 2360 Parnell
884 2324 966 2361 and
986 2324 1038 2361 all
1067 2324 1138 2361 her
1164 2330 1366 2361 ancestors
1400 2324 1501 2361 from
1535 2325 1694 2363 ancient
1723 2325 1818 2364 time

230 2402 329 2428 were
349 2390 530 2427 foresters
550 2386 590 2424 in
611 2387 671 2425 fee
690 2386 783 2425 with
812 2388 916 2425 Alan
938 2388 992 2426 de
1012 2388 1189 2426 Wrelton
1209 2387 1322 2426 while
1342 2387 1393 2426 he
1412 2386 1528 2434 lived,
1551 2389 1631 2426 and
1651 2388 1742 2437 paid
1772 2396 1814 2428 to

234 2455 300 2492 the
322 2454 412 2492 Earl
433 2454 492 2491 for
511 2453 580 2490 her
600 2451 713 2489 office
733 2451 812 2489 and
832 2464 854 2489 a
874 2452 1008 2500 parcel
1028 2453 1073 2490 of
1087 2452 1181 2490 land
1194 2451 1320 2489 which
1342 2451 1411 2489 she
1431 2452 1547 2490 holds
1567 2451 1606 2489 in
1629 2455 1818 2504 severalty

229 2520 297 2557 the
327 2518 456 2567 yearly
485 2523 569 2555 rent
598 2517 644 2554 of
676 2513 726 2564 ,ζ
733 2529 763 2554 1.
822 2517 884 2554 To
916 2516 1032 2554 make
1061 2516 1160 2554 their
1188 2523 1274 2554 rent
1307 2516 1399 2565 they
1427 2516 1507 2554 had
1535 2517 1817 2557 browse-wood

228 2584 469 2632 throughout
482 2583 549 2620 the
562 2582 686 2619 whole
703 2579 895 2619 bailiwick
911 2580 951 2617 in
964 2581 1030 2619 the
1046 2582 1167 2618 Earl’s
1180 2581 1400 2627 demesnes,
1417 2580 1551 2630 saving
1564 2581 1630 2620 the
1644 2589 1817 2621 estovers

229 2649 274 2685 of
284 2648 350 2685 the
366 2659 458 2685 men
474 2647 517 2684 of
528 2644 734 2694 Pickering
750 2644 829 2681 and
846 2645 1014 2682 Newton
1031 2644 1071 2681 in
1084 2645 1180 2682 such
1198 2645 1244 2681 of
1258 2645 1324 2682 the
1340 2645 1546 2683 demesnes
1563 2658 1604 2683 as
1620 2646 1817 2697 belonged

229 2719 270 2750 to
291 2713 358 2750 the
380 2724 517 2749 manor
545 2710 590 2747 of
614 2708 830 2757 Pickering,
854 2715 992 2757 except
1027 2708 1066 2745 in
1097 2709 1271 2757 Blansby
1294 2709 1395 2746 Park
1415 2710 1492 2747 and
1523 2710 1589 2748 the
1609 2711 1816 2750 demesnes

229 2778 273 2816 of
297 2776 548 2814 Wheeldale:
578 2774 656 2811 and
686 2772 777 2810 with
798 2773 865 2810 the
885 2772 963 2810 like
985 2772 1213 2821 exceptions
1234 2773 1313 2810 had
1334 2773 1531 2822 drywood,
1555 2777 1715 2824 nutgeld
1736 2777 1815 2815 and

227 2843 518 2890 after-pannage
547 2838 587 2876 in
607 2839 674 2876 the
696 2838 914 2875 demesnes,
973 2837 1029 2873 As
1059 2844 1099 2874 to
1127 2849 1287 2885 escapes
1322 2836 1362 2873 in
1385 2838 1556 2888 Blansby
1588 2840 1701 2886 Park,
1724 2841 1817 2890 they

229 2919 293 2954 say
323 2906 406 2943 that
436 2905 481 2942 of
518 2903 597 2949 old,
628 2903 763 2940 before
792 2901 858 2938 the
893 2900 994 2937 Park
1024 2912 1098 2937 was
1128 2901 1324 2947 enclosed,
1355 2903 1550 2941 whatever
1583 2905 1744 2943 forester
1772 2918 1816 2943 or

229 2969 446 3006 woodward
467 2967 591 3005 found
611 2979 661 3004 an
682 2977 823 3014 escape
843 2962 1006 3009 therein‚
1028 2964 1107 3001 and
1128 2964 1223 3001 took
1244 2963 1303 3002 his
1323 2967 1440 3014 profit
1461 2967 1623 3015 thereof,
1646 2969 1695 3006 he
1716 2970 1813 3006 took

227 3031 255 3070 it
275 3045 317 3070 as
338 3044 462 3080 wages
492 3032 550 3068 for
578 3028 802 3079 preserving
822 3028 888 3066 the
917 3034 1122 3077 pasturage
1143 3029 1187 3065 of
1210 3028 1276 3067 the
1298 3031 1397 3067 Park
1419 3032 1477 3069 for
1505 3032 1571 3069 the
1592 3033 1685 3071 deer
1704 3047 1710 3071 :
1742 3033 1811 3072 but
