2044 3491
755 220 990 253 couanR
1024 219 1164 252 Boox.
1703 221 1749 263 51

217 319 331 375 [271]
363 322 463 360 Item
485 325 712 370 presentant
732 319 840 368 quod
861 330 962 356 unus
983 330 1126 368 porcus
1157 317 1225 367 qui
1259 316 1331 355 fuit
1367 317 1533 367 predicti
1554 318 1747 367 Johannis

164 387 215 426 de
245 386 438 434 Rouceby
458 384 638 422 inventus
673 383 744 421 fuit
773 383 813 421 in
844 396 962 433 parco
984 383 1034 422 de
1069 383 1276 432 Blandeby
1296 394 1434 420 mense
1468 383 1632 422 defenso
1666 396 1747 422 non

164 451 350 502 agistatus
371 449 489 500 precii
510 449 560 498 ij⁵.
623 449 722 487 Ideo
743 448 848 486 idern
870 449 1072 498 Johannes
1102 447 1368 497 respondebit.

219 518 321 555 Item
342 521 567 565 presentant
587 514 696 564 quod
713 514 794 552 duo
814 512 921 562 porci
943 513 1011 563 qui
1031 514 1187 551 fuerunt
1207 512 1391 550 Nicholai
1412 512 1479 550 filii
1499 511 1661 550 Ricardi
1681 512 1749 562 qui

165 581 262 620 obiit
282 579 428 618 inventi
449 581 606 617 fuerunt
635 577 676 616 in
706 579 849 616 foresta
877 591 1014 616 mense
1044 579 1209 616 defenso
1242 592 1323 617 non
1352 578 1505 628 agistati
1527 577 1647 628 precii
1667 578 1747 628 iiij⁵‚

163 646 270 684 unde
299 645 501 694 Johannes
531 643 634 681 filius
664 644 749 692 ejus
779 651 816 682 et
846 643 958 681 heres
979 651 1118 682 tenens
1139 651 1327 682 terrarum
1360 651 1399 682 et
1430 650 1748 682 tenementorum

165 724 242 761 que
263 711 418 748 suerunt
437 708 559 758 ipsius
581 707 765 746 Nicholai
785 707 1050 757 respondebit.

219 776 322 813 Item
352 780 579 824 presentant
608 772 718 822 quod
747 785 814 810 sex
843 772 1004 821 porcelli
1034 771 1102 822 qui
1131 774 1288 811 suerunt
1324 772 1530 811 Michaelis
1561 770 1751 811 forestarii

165 839 269 890 capti
291 841 448 877 fuerunt
476 837 516 876 in
545 850 663 887 parco
693 838 743 876 de
774 838 980 887 Blandeby
1001 850 1136 876 mense
1167 839 1332 876 defenso
1354 851 1434 876 non
1456 837 1609 888 agistati
1629 836 1749 887 precii

164 904 221 953 iijS
241 902 309 953 vjd,
331 904 437 942 unde
467 910 645 941 tenentes
675 910 862 941 terrarum
895 909 932 940 et
961 909 1276 941 tenementorum
1305 916 1383 953 que
1412 904 1567 941 fuerunt
1588 901 1749 940 Ricardi

165 970 216 1008 de
237 970 401 1007 Sbelton
423 965 456 1019 [?
477 965 657 1020 Skelton]
678 980 803 1016 nuper
823 966 998 1005 custodis
1019 969 1328 1016 respondebunt.

220 1034 322 1071 Item
343 1040 570 1082 presentant
600 1033 708 1082 quod
735 1032 815 1070 duo
847 1030 937 1080 equi
958 1031 1026 1080 qui
1052 1033 1207 1070 fuerunt
1237 1031 1355 1070 Alani
1381 1033 1431 1071 de
1452 1033 1660 1070 Alverstan
1681 1030 1749 1081 qui

165 1098 262 1137 obiit
292 1097 440 1136 inventi
469 1098 624 1136 suerunt
653 1096 692 1134 in
722 1109 841 1146 parco
874 1096 925 1133 de
954 1096 1161 1146 Blandeby
1189 1110 1259 1146 per
1287 1099 1456 1135 wardam
1491 1098 1635 1135 factam
1665 1095 1749 1135 sine

165 1163 424 1214 agistamento
453 1162 521 1213 qui
550 1161 715 1201 domino
744 1168 835 1199 sunt
865 1161 1049 1199 forisfacti
1078 1161 1198 1211 precii
1226 1169 1276 1209 vs,
1299 1163 1405 1201 unde
1425 1162 1545 1202 iidem
1568 1169 1748 1201 tenentes

165 1229 475 1278 respondebunt.
1380 1236 1384 1240 ·

222 1294 324 1331 Item
363 1297 588 1342 presentant
627 1291 736 1341 quod
774 1290 855 1328 duo
894 1289 984 1339 equi
1022 1290 1144 1339 precii
1182 1298 1220 1328 x⁵
1253 1291 1322 1341 qui
1357 1292 1514 1330 suerunt
1548 1291 1750 1340 Radulphi

166 1357 336 1396 Bercarii
374 1355 443 1406 qui
481 1355 578 1394 obiit
616 1354 766 1393 inventi
804 1356 960 1392 fuerunt
998 1354 1147 1393 ibidem
1184 1369 1253 1406 per
1286 1357 1456 1395 wardam
1491 1358 1633 1394 factam
1667 1356 1751 1395 sine

165 1422 425 1472 agistamento
446 1421 514 1471 qui
535 1420 699 1460 domino
730 1427 821 1458 sunt
850 1419 1045 1468 forisfacti,
1068 1421 1174 1460 unde
1200 1421 1321 1460 iidem
1342 1428 1521 1460 tenentes
1541 1421 1753 1471 responde-

166 1488 275 1527 bunh

222 1554 323 1591 Item
357 1558 585 1602 presentant
619 1550 728 1601 quod
764 1562 866 1588 unus
901 1562 1026 1599 equus
1062 1549 1180 1599 precii
1217 1557 1256 1587 x⁵
1289 1549 1357 1600 qui
1395 1548 1467 1588 fuit
1506 1548 1667 1588 Ricardi
1702 1550 1753 1588 de

167 1617 421 1667 Sivelyngton
455 1615 524 1667 qui
557 1615 655 1654 obiit
689 1614 872 1654 inventus
905 1615 977 1653 fuit
1010 1614 1159 1653 ibidem
1192 1627 1262 1664 per
1295 1615 1465 1653 wardam
1494 1616 1637 1652 factam
1668 1614 1753 1653 sine

166 1683 425 1734 agistamento
446 1681 514 1732 qui
534 1681 698 1721 domino
729 1688 786 1719 est
816 1680 1046 1727 forisfactus,
1070 1680 1175 1718 unde
1196 1678 1317 1718 iidem
1337 1686 1518 1718 tenentes
1539 1680 1751 1729 responde-

167 1749 277 1788 bunh

221 1815 324 1852 Item
344 1818 571 1863 presentant
592 1812 701 1861 quod
724 1811 804 1849 duo
825 1809 915 1860 equi
935 1807 1056 1859 precii
1075 1815 1113 1846 xS
1134 1807 1200 1858 qui
1221 1809 1377 1847 fuerunt
1399 1810 1497 1846 Brus
1515 1808 1753 1847 Erchebaud

167 1878 233 1928 qui
254 1878 351 1916 obiit
371 1877 520 1915 inventi
546 1878 703 1915 suerunt
732 1876 878 1914 ibidem
902 1887 971 1924 per
990 1874 1160 1911 wardam
1195 1875 1337 1911 factam
1373 1873 1458 1911 sine
1492 1873 1752 1924 agistamento

167 1942 234 1993 qui
254 1941 418 1981 domino
441 1949 531 1979 sunt
551 1939 747 1987 forisfacti,
773 1941 878 1978 unde
899 1939 1019 1976 iidem
1041 1945 1221 1976 tenentes
1242 1939 1551 1988 respondebunt.

223 2008 323 2046 Item
363 2014 589 2056 presentant
627 2006 737 2055 quod
776 2005 857 2043 duo
897 2003 988 2053 equi
1030 2001 1152 2052 precii
1189 2009 1228 2039 Χ5
1267 2002 1335 2052 qui
1372 2004 1530 2041 fuerunt
1570 2002 1754 2042 Willelmi

167 2073 321 2121 Fotyng
354 2070 422 2121 qui
460 2069 557 2108 obiit
595 2069 744 2108 inventi
782 2070 941 2106 fuerunt
980 2067 1129 2105 ibidem
1168 2080 1237 2116 per
1275 2068 1444 2105 wardam
1484 2069 1629 2106 factam
1668 2068 1753 2107 sine

166 2136 425 2186 agistamento
445 2134 512 2185 qui
533 2135 653 2172 modo
679 2140 769 2171 sunt
798 2131 995 2179 forisfacti,
1018 2132 1126 2169 unde
1155 2130 1275 2169 iidem
1307 2137 1486 2169 tenentes
1507 2139 1693 2170 terrarum
1715 2139 1754 2171 et

166 2207 484 2238 tenementorum
505 2212 581 2248 que
602 2200 760 2237 fuerunt
779 2196 947 2247 predicti
974 2195 1137 2234 Ricardi
1167 2196 1218 2234 de
1247 2196 1412 2234 Shelton
1433 2208 1558 2246 nuper
1578 2197 1753 2236 custodis

167 2265 463 2314 respondebunt
484 2271 556 2302 etc.

168 2393 208 2433 in
230 2393 403 2442 Blansby
424 2393 526 2430 Park
548 2405 625 2430 one
654 2391 719 2442 pig
738 2392 860 2430 worth
884 2398 932 2439 2⁵,
953 2392 1021 2429 the
1049 2396 1234 2441 property
1255 2390 1301 2427 of
1324 2391 1391 2428 the
1421 2402 1529 2428 same
1559 2391 1669 2439 John
1703 2392 1754 2430 de

169 2459 338 2508 Roxby3
381 2457 422 2495 in
456 2458 524 2496 the
557 2458 677 2495 forest
707 2465 782 2495 two
816 2455 901 2506 pigs
935 2456 1058 2494 worth
1092 2462 1142 2502 4⁵,
1176 2455 1245 2492 the
1278 2462 1462 2503 property
1492 2455 1538 2492 of
1575 2455 1642 2493 the
1676 2456 1754 2494 late

169 2523 370 2570 Nicholas,
395 2535 464 2561 son
501 2523 545 2560 of
570 2521 757 2569 Richard,
779 2521 838 2559 his
871 2533 943 2559 son
975 2521 1055 2558 and
1088 2519 1181 2565 heir,
1204 2519 1322 2568 John,
1354 2519 1385 2556 is
1416 2519 1683 2568 responsible;
1712 2519 1754 2558 in

169 2588 341 2637 Blansby
363 2588 474 2634 Park,
497 2588 555 2625 sor
574 2587 624 2624 all
646 2586 769 2624 which
800 2587 866 2625 the
895 2597 1118 2623 successors
1149 2585 1194 2622 of
1218 2583 1395 2621 Richard
1416 2584 1466 2622 de
1488 2584 1662 2631 Skelton,
1686 2586 1753 2624 the

168 2653 246 2691 late
281 2654 434 2703 keeper,
457 2665 522 2690 are
554 2651 810 2701 responsible,
833 2650 889 2689 six
918 2663 1050 2700 young
1079 2649 1163 2699 pigs
1182 2649 1306 2687 worth
1337 2655 1375 2697 3⁵
1396 2647 1451 2695 ὀᾶ,
1474 2649 1540 2687 the
1570 2658 1754 2699 property

170 2719 215 2756 of
242 2718 415 2756 Michael
449 2718 516 2756 the
536 2718 708 2763 forester,
731 2723 806 2754 two
827 2716 961 2753 horses
982 2715 1104 2753 worth
1136 2721 1185 2763 5⁵,
1207 2714 1274 2753 the
1301 2721 1485 2763 property
1505 2714 1550 2751 of
1574 2715 1640 2752 the
1673 2715 1752 2753 late

170 2783 273 2821 Alan
308 2783 357 2820 de
391 2783 600 2829 Allerston,
633 2789 709 2820 two
740 2782 874 2819 horses
909 2781 1030 2819 worth
1070 2786 1142 2827 105,
1178 2780 1245 2818 the
1279 2786 1461 2828 property
1492 2779 1537 2816 of
1573 2779 1640 2816 the
1672 2779 1751 2818 late

171 2848 304 2896 Ralph
347 2847 414 2885 the
457 2847 665 2895 shepherd‚
707 2858 784 2884 one
821 2846 936 2883 horse
975 2845 1097 2883 worth
1149 2851 1221 2891 10⁵,
1263 2844 1330 2881 the
1378 2849 1560 2892 property
1598 2843 1645 2880 of
1684 2843 1752 2882 the

170 2914 247 2950 late
269 2911 444 2949 Richard
464 2911 514 2949 de
536 2910 784 2960 Sinnington,
807 2917 882 2948 two
903 2910 1038 2947 horses
1059 2910 1180 2947 worth
1220 2915 1293 2954 10⁵,
1316 2908 1383 2946 the
1412 2914 1594 2956 property
1615 2908 1659 2945 of
1684 2908 1751 2947 the

169 2977 248 3015 late
277 2976 494 3015 Archibald
524 2977 662 3023 Bruce‚
684 2983 758 3014 two
787 2976 922 3013 horses
956 2975 1078 3013 worth
1113 2980 1186 3020 105,
1207 2974 1275 3011 the
1307 2980 1487 3022 property
1509 2973 1553 3010 of
1577 2973 1644 3010 the
1675 2973 1752 3012 late

171 3041 342 3080 William
380 3042 544 3090 Fotyng,
584 3047 659 3079 two
706 3040 842 3079 horses
882 3040 1003 3079 worth
1048 3045 1120 3086 10⁵,
1161 3038 1228 3076 the
1266 3044 1450 3087 property
1488 3038 1534 3076 of
1570 3038 1637 3077 the
1675 3039 1752 3078 late

1516 3113 1540 3142 E
1571 3115 1590 3140 2
