2044 3491
740 222 910 255 coRAM
945 224 1074 256 REGE
1106 224 1274 258 ROLLS.
1734 232 1807 273 191

223 316 349 357 brevis
383 324 502 356 restat
536 317 729 364 facienda,
763 317 829 367 qui
861 318 934 356 sibi
965 319 1169 368 respondit
1204 321 1313 369 quod
1347 321 1551 370 Johannes
1587 325 1730 374 Moryn
1760 327 1811 364 de

224 383 444 432 Brompton
465 390 502 421 et
525 381 705 421 Dionisia
725 396 822 420 uxor
843 384 927 432 ejus
950 391 987 421 et
1008 385 1212 433 Johannes
1235 386 1284 423 de
1305 385 1500 433 Wykham
1532 388 1676 426 mortui
1705 397 1806 436 sunt,

221 453 261 485 et
281 448 389 496 quod
410 446 508 485 scire
530 447 620 485 fecit
641 448 813 496 Johanni
834 448 885 486 de
920 448 1124 498 Snaynton
1160 450 1365 498 capellano
1404 450 1513 498 quod
1547 459 1648 490 esset
1678 466 1811 491 coram

223 513 334 561 Rege
355 512 404 550 ad
426 513 618 561 prefatum
640 511 852 550 terminum
868 519 941 559 etc,
960 514 1011 550 ad
1031 512 1257 551 faciendum
1281 514 1391 562 quod
1412 514 1530 552 breve
1550 516 1711 565 requirit
1732 525 1806 565 etc,

220 589 291 625 per
311 578 348 614 N
353 576 548 614 icholaum
570 577 734 614 Haldan
754 583 793 614 et
814 576 1030 615 Ricardum
1065 578 1116 616 de
1149 578 1290 626 Dalby,
1314 577 1381 626 qui
1417 577 1580 627 quidem
1607 580 1808 627 Johannes

221 654 290 691 per
310 641 648 691 premunicionem
669 641 705 680 ei
725 642 819 680 inde
840 643 982 680 factam
1013 655 1082 692 per
1111 644 1242 680 Adam
1263 643 1413 681 Round
1434 649 1675 681 attornatum
1695 657 1809 682 suurn

220 707 337 746 venit.
398 709 448 745 Et
470 707 563 757 quia
582 707 737 745 videtur
771 707 889 747 Curie
923 709 1033 757 quod
1066 707 1280 757 expediens
1312 715 1372 745 est
1407 708 1515 757 quod
1550 715 1728 746 tenentes
1758 709 1809 746 de

221 771 407 821 predictis
429 771 627 811 sexdecim
649 772 767 819 tostis,
790 771 1003 810 duodecim
1040 771 1192 810 bovatis
1214 779 1251 810 et
1272 772 1532 822 quadraginta
1565 773 1664 810 acris
1695 780 1806 820 terre,

223 849 290 874 sex
310 836 408 874 acris
430 837 529 886 prati
550 844 587 875 et
608 837 764 886 triginta
785 836 960 875 solidatis
992 836 1170 875 redditus
1199 837 1250 875 de
1282 837 1469 886 predictis
1504 837 1740 876 tenementis
1769 837 1810 875 in

223 900 330 940 dicto
349 903 428 940 fine
449 901 654 949 contentis,
678 914 725 939 ac
759 903 885 939 eciam
919 901 1085 951 predicti
1118 901 1324 948 Ricardus,
1363 903 1566 951 Johannes
1596 901 1697 940 filius
1727 915 1811 952 pre,-

223 965 318 1003 dicti
360 966 553 1015 Johannis
595 968 751 1015 Moryn,
792 968 938 1015 Agnes,
971 959 1276 1015 Johannesvde⁶
1298 959 1453 1004 Malton
1485 966 1627 1016 quibus
1667 968 1808 1005 eadem

222 1037 449 1068 tenementa
485 1043 555 1080 per
591 1032 711 1068 finem
749 1030 971 1080 predictum
1009 1031 1157 1068 talliata
1195 1032 1352 1069 fuerunt
1394 1038 1446 1068 ut*
1474 1032 1695 1081 predictum
1734 1025 1804 1079 est,

222 1094 518 1143 premuniantur
546 1103 758 1145 antequam
779 1096 830 1133 ad
861 1096 1180 1134 adnullacionem
1207 1095 1294 1133 finis
1326 1096 1491 1145 predicti
1514 1103 1556 1134 ut
1586 1096 1807 1145 predictum

220 1166 279 1197 est
299 1161 544 1209 procedatur.
605 1161 705 1199 Ideo
727 1168 955 1210 preceptum
976 1168 1034 1199 est
1063 1160 1287 1199 vicecomiti
1319 1162 1428 1210 quod
1458 1174 1527 1210 per
1555 1162 1701 1210 probos
1734 1168 1807 1208 etc,

221 1223 320 1262 scire
351 1224 466 1263 faciat
500 1225 674 1263 Ricardo
708 1227 759 1264 de
795 1227 925 1276 Dalby
955 1233 993 1264 et
1021 1225 1195 1275 Johanni
1224 1225 1304 1263 filio
1332 1225 1527 1274 Johannis
1558 1227 1608 1264 de
1639 1226 1806 1272 Maston,

219 1288 446 1326 tenentibus
480 1289 746 1339 predictorum
787 1290 985 1328 sexdecim
1020 1292 1222 1336 tonorum,
1259 1289 1473 1328 duodecim
1507 1291 1738 1328 bovatarum
1769 1297 1808 1328 et

220 1353 478 1403 quadraginta
511 1367 689 1392 acrarum
710 1362 823 1402 terre,
845 1367 912 1393 sex
942 1367 1120 1392 acrarum
1155 1354 1255 1404 prati
1289 1361 1326 1392 et
1361 1353 1517 1403 triginta
1552 1354 1807 1392 solidatarum

219 1417 396 1456 redditus
443 1419 494 1457 de
532 1419 769 1458 tenementis
807 1419 1007 1470 predictis,
1048 1433 1094 1457 ac
1133 1418 1258 1458 eciam
1298 1420 1450 1469 prefato
1499 1419 1675 1468 Johanni
1727 1419 1808 1456 filio

219 1483 413 1532 Johannis
446 1485 601 1534 Moryn,
637 1484 822 1531 Ricardo,
846 1484 991 1534 Agneti
1025 1492 1063 1523 et
1094 1483 1269 1533 Johanni
1303 1485 1354 1522 de
1391 1485 1546 1522 Malton
1581 1483 1691 1532 quod
1730 1482 1808 1521 sint

218 1560 352 1585 coram
373 1548 537 1587 domino
560 1551 670 1599 Rege
690 1563 713 1587 a
734 1549 799 1588 die
820 1549 954 1588 Sancti
976 1548 1185 1587 Michaelis
1206 1549 1246 1586 in
1276 1563 1326 1586 xv
1356 1548 1440 1587 dies
1476 1548 1716 1598 ubicumque
1746 1555 1809 1586 ete

219 1613 270 1651 ad
291 1614 585 1652 ostendendum
607 1615 638 1652 si
659 1614 755 1665 quid
776 1628 846 1664 pro
867 1628 908 1653 se
943 1615 1115 1653 habeant
1146 1615 1208 1652 vel
1242 1614 1374 1652 dicere
1409 1613 1534 1652 sciant
1568 1626 1690 1663 quare
1724 1625 1808 1662 pre-

219 1677 348 1716 dictus
386 1678 474 1716 finis
522 1680 654 1728 quoad
701 1679 878 1729 predicta
916 1679 1114 1718 sexdecim
1153 1680 1262 1725 tofta,
1305 1678 1518 1717 duodecim
1558 1678 1721 1716 bovatas
1769 1684 1808 1715 et

220 1742 478 1793 quadraginta
505 1757 614 1782 acras
643 1751 754 1789 terre,
786 1758 853 1783 sex
881 1758 989 1782 acras
1019 1743 1120 1793 prati
1150 1751 1188 1782 et
1218 1743 1376 1793 triginta
1406 1743 1593 1781 solidatas
1627 1741 1806 1781 redditus

220 1807 276 1845 sic
296 1807 336 1844 in
356 1808 617 1857 prejudicium
640 1808 805 1846 dominii
839 1808 1005 1859 predicti
1027 1807 1194 1848 Comitis
1217 1815 1259 1846 ut
1280 1807 1423 1846 dicitur
1443 1808 1592 1845 levatus
1613 1805 1806 1845 adnullari

222 1879 260 1911 et
289 1873 428 1911 eadem
458 1880 685 1911 tenementa
705 1872 744 1910 in
766 1881 909 1912 statum
943 1873 1148 1923 pristinum
1169 1872 1306 1922 reponi
1326 1885 1407 1910 non
1429 1873 1601 1910 debeant
1622 1871 1652 1909 si
1675 1879 1747 1918 ete,
1770 1878 1809 1909 et

223 1936 383 1975 ulterius
423 1944 494 1976 etc.
555 1939 670 1976 Idem
711 1937 795 1976 dies
835 1939 951 1976 datus
990 1945 1048 1976 est
1086 1937 1273 1988 predictis
1304 1936 1452 1976 Comiti
1484 1944 1522 1976 et
1556 1936 1728 1986 Johanni
1758 1937 1808 1974 de

224 2003 427 2051 Snaynton
448 2009 520 2040 ete.
579 2003 643 2040 Ad
673 2015 791 2052 quem
824 2002 929 2042 diem
965 2016 1097 2041 eoram
1129 2002 1293 2041 domino
1329 2004 1441 2052 Rege
1473 2001 1579 2039 venit
1610 2000 1808 2050 predictus

223 2067 369 2106 Comes
399 2080 470 2116 per
508 2067 729 2117 predictum
770 2075 1010 2106 attornatum
1047 2081 1174 2114 suum,
1198 2075 1236 2105 et
1280 2067 1478 2116 predictus
1517 2066 1721 2115 Johannes
1760 2065 1811 2102 de

221 2132 424 2181 Snaynton
445 2145 515 2181 per
530 2131 751 2181 predictum
773 2139 1014 2170 attornatum
1037 2145 1153 2170 suurn
1174 2131 1351 2170 similiter
1371 2131 1476 2169 venit
1491 2145 1501 2179 3
1525 2138 1563 2169 et
1583 2129 1808 2168 vicecomes

219 2195 432 2234 retornavit
470 2197 580 2245 quod
618 2196 793 2245 precepit
836 2196 1001 2246 Hugoni
1039 2197 1090 2234 de
1130 2195 1286 2234 Neville
1335 2195 1480 2234 ballivo
1528 2193 1716 2233 libertatis
1757 2194 1808 2231 de

221 2261 438 2310 Pykeryng,
470 2259 538 2310 qui
568 2260 641 2299 sibi
670 2261 874 2310 respondit
917 2261 1026 2311 quod
1070 2260 1170 2299 scire
1212 2259 1305 2299 fecit
1347 2261 1497 2310 prefato
1539 2259 1713 2297 Ricardo
1757 2258 1808 2296 de

224 2325 352 2374 Dalby
392 2332 430 2363 et
457 2324 632 2374 Johanni
661 2325 741 2364 filio
770 2325 964 2375 Johannis
994 2326 1045 2364 de
1076 2326 1232 2364 Malton
1273 2324 1500 2363 tenentibus
1542 2322 1808 2373 predictorum

221 2389 422 2428 sexdecim
442 2391 642 2437 toftorum,
666 2390 881 2429 duodecim
903 2392 1135 2429 bovatarum
1156 2397 1194 2429 et
1215 2389 1473 2440 quadraginta
1493 2401 1671 2427 acrarum
1693 2394 1806 2434 terre,

222 2519 383 2567 Denise,
405 2520 465 2558 his
486 2519 582 2566 wife,
606 2522 684 2559 and
705 2521 812 2569 John
834 2521 884 2559 de
903 2520 1124 2569 Wykeham
1142 2531 1241 2557 were
1261 2519 1312 2556 all
1333 2519 1448 2564 dead,
1472 2518 1542 2555 but
1563 2517 1645 2554 that
1666 2516 1716 2554 he
1729 2516 1808 2554 had

222 2585 458 2623 summoned
478 2585 587 2634 John
608 2585 658 2623 de
678 2585 872 2623 Snainton
888 2591 929 2622 to
950 2585 1058 2622 show
1078 2596 1204 2621 cause.
1270 2583 1358 2620 The
1379 2594 1585 2620 summons
1606 2581 1685 2618 had
1706 2581 1808 2619 been

221 2649 359 2687 served
394 2649 444 2698 by
482 2650 520 2687 N
525 2648 672 2687 icholas
702 2650 889 2687 Haldane
922 2649 1001 2686 and
1034 2647 1210 2685 Richard
1248 2648 1298 2685 de
1332 2648 1473 2696 Dalby,
1506 2647 1586 2684 and
1616 2646 1723 2695 John
1758 2647 1809 2684 de

221 2712 414 2751 Snainton
434 2714 632 2762 appeared
662 2714 713 2763 by
743 2714 872 2751 Adam
905 2713 1068 2759 Round,
1099 2711 1158 2750 his
1188 2718 1378 2759 attorney.
1438 2712 1526 2749 The
1548 2712 1684 2757 Court,
1707 2710 1809 2748 how-

219 2790 321 2824 ever,
342 2777 509 2827 thought
529 2779 571 2816 fit
591 2785 632 2816 to
653 2777 777 2816 direct
803 2778 886 2816 that
920 2778 986 2816 the
1018 2777 1131 2816 other
1159 2783 1315 2814 tenants
1348 2777 1393 2813 of
1417 2776 1484 2814 the
1515 2782 1736 2813 tenements
1767 2774 1807 2812 in

220 2841 415 2891 question,
431 2843 598 2891 namely‚
619 2842 792 2881 Richard
813 2843 863 2881 de
886 2843 1016 2892 Dalby
1035 2842 1114 2879 and
1130 2841 1249 2890 John,
1273 2853 1345 2878 son
1367 2841 1412 2878 of
1435 2841 1542 2889 John
1564 2840 1614 2877 de
1636 2840 1805 2885 Malton,

220 2906 300 2943 and
320 2906 402 2943 also
422 2906 490 2943 the
511 2919 673 2954 persons
694 2919 746 2944 on
766 2907 895 2944 whom
916 2907 983 2944 the
1012 2911 1233 2944 tenements
1256 2905 1334 2942 had
1354 2905 1456 2942 been
1477 2904 1661 2950 entailed,
1685 2904 1804 2953 John,

221 2970 289 3008 the
312 2982 384 3008 son
405 2970 450 3008 of
474 2969 534 3008 Sir
553 2970 659 3019 John
682 2972 827 3020 Moryn
847 2971 926 3008 and
947 2970 1133 3017 Richard,
1164 2969 1223 3007 his
1254 2970 1423 3016 brother,
1456 2971 1589 3018 Agnes
1620 2969 1806 3007 Kelstern

222 3034 302 3072 and
323 3034 430 3083 John
454 3035 504 3073 de
525 3035 680 3072 Malton
701 3035 845 3073 should
875 3034 924 3073 be
945 3035 1181 3072 summoned
1211 3040 1251 3072 to
1281 3034 1387 3072 show
1407 3046 1536 3080 cause,
1558 3033 1597 3071 in
1621 3033 1809 3071 Michael-
