2044 3491
221 165 276 216 98
588 173 763 207 DUCHY
794 174 856 207 OF
889 173 1180 207 LANCASTER
1198 175 1449 219 VREcoRDs.

223 271 439 322 *tanquam
461 273 746 323 pertinentibus
766 274 818 313 ad
838 273 1005 313 liberum
1025 281 1298 314 tenementum
1320 287 1435 314 suurn
1464 274 1504 313 in
1526 275 1677 314 eisdem
1697 273 1813 313 villis.

225 337 325 375 Ideo
345 337 638 376 consideratum
660 345 718 377 est
739 339 846 388 quod
868 340 1001 389 quoad
1030 340 1214 378 clamium
1246 354 1360 378 suum
1390 339 1565 379 habendi
1593 341 1815 379 housebote

223 401 264 439 in
285 402 470 451 predictis
492 404 620 442 boscis
642 405 692 442 de
713 404 1064 443 Northcahevedes
1094 412 1132 444 et
1162 406 1329 455 Berlagh
1359 404 1481 443 nichil
1511 404 1640 454 capiat
1669 404 1710 442 in
1739 405 1814 442 hac

223 474 346 517 parte,
368 475 426 507 set
446 468 494 507 sit
513 468 553 506 in
574 468 841 508 misericordia
860 482 931 519 pro
951 470 1049 508 salso
1069 469 1210 509 clamio
1232 483 1301 508 suo
1318 484 1329 518 3
1359 477 1396 508 et
1410 470 1542 520 quoad
1559 481 1814 507 communam

224 540 382 582 pasture
421 533 461 571 in
499 533 684 583 predictis
724 534 853 573 boscis
892 536 943 573 de
993 536 1345 574 Northcahevedes
1394 542 1432 573 et
1480 535 1648 584 Berlagh
1688 541 1726 572 et
1773 533 1814 571 in

225 598 409 637 omnibus
430 599 549 637 moris
570 606 609 638 et
628 598 745 638 vastis
766 600 816 638 de
839 601 1003 650 Erlesyk
1022 614 1154 639 versus
1175 601 1326 640 boriam
1356 614 1426 651 pro
1456 614 1498 640 se
1528 609 1566 640 et
1586 601 1813 639 tenentibus

225 662 305 701 suis
339 664 389 701 de
423 664 612 713 Wycham
645 671 684 702 et
714 665 881 711 Roston‚
919 671 956 703 et
1004 665 1128 704 eciam
1168 667 1301 716 quoad
1348 665 1548 705 residuum
1587 665 1813 704 libertatum

225 728 400 779 superius
421 736 696 768 contentarum
725 729 766 767 in
795 729 903 768 dicto
937 730 1080 768 clamio
1110 737 1197 778 etc.‚
1229 732 1372 770 habeat
1402 738 1440 769 et
1475 730 1640 769 retineat
1671 729 1745 768 sibi
1773 736 1812 768 et

225 793 516 833 successoribus
537 794 615 832 suis
635 793 937 844 imperpetuum,
960 795 1067 833 salvo
1088 808 1242 845 semper
1259 796 1344 844 jure
1365 802 1437 834 etc.

277 859 478 898 Gilbertus
509 860 560 898 de
597 858 730 902 Aton†
771 860 915 898 clamat
952 866 1086 899 tenere
1124 862 1290 899 boscum
1330 873 1443 898 suum
1483 860 1533 898 de
1562 858 1813 898 Troucedale

222 925 484 974 pertinentem
505 925 556 963 ad
576 924 795 962 manerium
825 937 938 962 suum
970 925 1020 963 de
1050 925 1268 973 Brumpton
1298 931 1404 962 extra
1427 924 1635 973 regardum
1656 924 1811 968 foreste,

220 988 405 1027 videlicet
424 988 534 1026 illum
556 990 719 1026 boscum
740 988 808 1038 qui
829 995 886 1027 est
906 1001 953 1027 ex
973 995 1081 1038 parte
1102 987 1239 1027 boriali
1259 989 1309 1027 de
1330 988 1576 1025 Troucedale
1592 999 1660 1036 per
1689 993 1813 1024 certas

221 1054 366 1092 divisas
386 1067 408 1092 a
428 1054 517 1092 loco
538 1053 606 1103 qui
626 1053 767 1092 dicitur
787 1055 1033 1103 Braythwayt
1053 1066 1186 1092 versus
1216 1052 1466 1091 occidentem
1496 1058 1534 1089 et
1563 1050 1619 1089 sic
1648 1050 1742 1088 inde
1771 1049 1811 1087 in

220 1121 383 1169 longum
418 1131 486 1168 per
522 1117 689 1156 rivulum
724 1119 774 1157 de
805 1119 1054 1157 Troucedale
1080 1118 1180 1156 sicut
1213 1117 1320 1156 idem
1354 1115 1499 1154 rivulus
1530 1114 1648 1153 currit
1678 1127 1811 1153 versus

220 1183 411 1222 orientem
439 1195 566 1233 usque
593 1183 646 1221 ad
675 1183 874 1232 quendam
904 1181 1092 1221 sikettum
1126 1182 1192 1232 qui
1223 1181 1329 1220 cadit
1360 1182 1401 1220 in
1434 1182 1608 1220 eundem
1641 1179 1811 1218 rivulum

219 1249 503 1287 descendendo
536 1261 560 1286 a
594 1248 768 1297 quodam
805 1249 915 1286 fonte
954 1248 1021 1298 qui
1060 1247 1203 1287 dicitur
1242 1247 1501 1297 Apiltrekeld‚
1543 1254 1581 1285 et
1620 1245 1713 1284 inde
1743 1259 1812 1296 per

219 1311 440 1363 predictum
460 1312 646 1350 sikettum
665 1313 920 1351 ascendendo
942 1326 1067 1362 usque
1087 1314 1138 1351 ad
1159 1313 1332 1351 eundem
1352 1313 1513 1358 fontem,
1536 1319 1574 1350 et
1594 1324 1616 1349 a
1632 1310 1811 1361 predicto

217 1379 326 1416 fonte
365 1377 433 1427 qui
470 1376 612 1416 dicitur
651 1377 897 1427 Apiltrekeld
938 1378 1193 1416 ascendendo
1242 1390 1312 1426 per
1356 1377 1556 1426 quandam
1605 1375 1810 1424 obliquam

217 1442 396 1481 semitam
436 1455 562 1491 usque
591 1443 641 1480 ad
674 1443 808 1480 locum
838 1442 906 1492 qui
936 1442 1079 1481 dicitur
1114 1443 1508 1491 Hevedegatebrowe
1542 1448 1581 1480 et
1613 1440 1706 1480 inde
1740 1454 1811 1491 per

216 1507 350 1545 cilium
378 1506 490 1545 bosci
520 1504 632 1559 [297]
662 1508 917 1546 ascendendo
947 1509 1078 1546 adhuc
1112 1507 1152 1546 in
1186 1507 1349 1557 obliquo
1382 1520 1514 1546 versus
1549 1506 1741 1545 orientem
1770 1505 1812 1544 in

214 1579 326 1622 parte
344 1584 469 1622 usque
489 1573 540 1610 ad
561 1573 761 1622 quendam
781 1573 913 1610 locum
931 1572 998 1623 qui
1027 1572 1170 1611 dicitur
1188 1574 1225 1611 le
1246 1572 1339 1610 Birk
1355 1579 1394 1610 et
1414 1571 1470 1610 sic
1490 1572 1541 1610 de
1562 1572 1704 1610 eodem
1720 1572 1810 1609 loco

215 1637 470 1675 ascendendo
505 1648 572 1685 per
604 1637 802 1685 quandam
837 1637 1018 1676 semitam
1055 1651 1134 1687 que
1167 1637 1295 1676 tendit
1323 1650 1451 1686 usque
1484 1638 1536 1675 ad
1578 1636 1810 1675 orientalem

216 1703 336 1741 finem
367 1700 501 1740 fossati
531 1701 581 1740 de
611 1702 824 1750 Blakhous,
856 1710 894 1740 et
923 1701 1017 1741 inde
1046 1715 1116 1752 per
1144 1702 1295 1741 dictum
1326 1704 1518 1741 fossatum
1554 1702 1654 1740 sicut
1684 1701 1811 1740 tendit

216 1854 336 1904 rights
357 1867 401 1892 so
422 1853 592 1893 claimed
623 1866 665 1892 as
699 1860 964 1903 appurtenant
998 1859 1039 1891 to
1072 1853 1171 1892 their
1203 1855 1284 1892 free
1319 1860 1523 1892 tenement
1553 1854 1592 1892 in
1612 1854 1680 1893 the
1701 1867 1809 1893 same

216 1919 442 1969 townships.

269 1984 486 2033 Judgment
515 1982 547 2021 is
580 1983 694 2032 given
728 1983 812 2021 that
844 1983 912 2021 the
947 1981 1120 2020 Prioress
1150 1983 1241 2021 take
1273 1982 1439 2033 nothing
1471 1983 1523 2033 by
1542 1984 1612 2022 her
1632 1983 1747 2022 claim
1770 1985 1814 2022 of

215 2048 359 2098 having
378 2049 598 2086 housebote
618 2046 658 2085 in
678 2047 746 2085 the
766 2047 900 2085 woods
932 2048 977 2085 of
1004 2048 1134 2085 North
1170 2048 1277 2087 Cave
1307 2048 1430 2086 heads
1460 2049 1541 2086 and
1563 2049 1713 2098 Barley,
1737 2050 1808 2088 but

213 2114 264 2151 be
284 2113 468 2151 amerced
488 2113 546 2150 for
575 2111 734 2162 making
763 2125 786 2150 a
819 2112 914 2150 false
947 2110 1075 2150 claim.
1134 2113 1200 2150 All
1233 2113 1299 2151 the
1333 2112 1490 2151 residue
1511 2114 1557 2151 of
1579 2114 1649 2152 her
1669 2112 1807 2152 claims

217 2190 284 2216 are
303 2177 480 2216 allowed.

276 2243 428 2281 Gilbert
449 2242 499 2280 de
520 2242 654 2290 Ayton
674 2240 810 2278 claims
831 2247 872 2278 to
892 2241 990 2278 hold
1009 2239 1069 2278 his
1089 2241 1205 2280 wood
1225 2248 1266 2280 to
1286 2243 1354 2281 the
1374 2242 1490 2281 north
1514 2244 1559 2281 of
1574 2243 1810 2282 Troutsdale

220 2313 481 2357 appurtenant
502 2313 542 2344 to
562 2305 623 2343 his
644 2318 782 2344 manor
802 2306 846 2343 of
863 2307 1094 2354 Brompton,
1117 2319 1158 2344 as
1188 2306 1344 2345 outside
1373 2308 1440 2346 the
1469 2310 1616 2358 regard,
1639 2310 1808 2357 namely,

220 2372 321 2409 from
342 2369 591 2408 Braithwaite
607 2382 658 2408 on
676 2370 743 2408 the
763 2376 866 2416 west,
890 2370 1007 2408 down
1027 2370 1264 2409 Troutsdale
1281 2371 1382 2409 beck
1401 2373 1568 2411 towards
1590 2374 1657 2411 the
1673 2381 1755 2411 east
1768 2380 1809 2411 to

220 2435 270 2474 its
288 2434 472 2485 junction
492 2433 584 2473 with
604 2447 627 2472 a
647 2433 707 2471 rill
737 2433 891 2483 flowing
919 2434 1018 2471 from
1040 2447 1063 2472 a
1091 2435 1224 2485 spring
1252 2437 1379 2475 called
1408 2438 1728 2487 Appletreekeld,
1756 2451 1809 2487 up

221 2501 289 2538 the
318 2499 376 2537 rill
405 2506 446 2538 to
475 2500 542 2538 the
571 2498 713 2549 spring,
755 2500 855 2537 from
888 2499 955 2537 the
992 2498 1124 2549 spring
1153 2500 1277 2549 uphill
1310 2502 1428 2551 along
1458 2515 1480 2540 a
1514 2501 1683 2551 slanting
1713 2503 1809 2551 path

221 2572 263 2604 to
296 2566 506 2614 Headgate
535 2565 651 2612 brow,
686 2565 830 2602 thence
863 2564 980 2613 along
1011 2564 1077 2602 the
1109 2564 1215 2603 brow
1243 2567 1289 2603 of
1311 2567 1378 2604 the
1407 2567 1532 2613 wood,
1565 2566 1642 2605 still
1670 2567 1807 2616 uphill,

222 2629 421 2679 obliquely
441 2629 607 2667 towards
627 2629 694 2667 the
715 2635 796 2667 east
817 2635 858 2666 to
878 2640 901 2665 a
920 2629 1032 2677 place
1052 2629 1179 2667 called
1209 2630 1276 2669 the
1306 2630 1410 2678 Birk,
1432 2631 1575 2670 thence
1604 2631 1729 2681 uphill
1758 2633 1810 2682 by

221 2708 244 2732 a
265 2695 360 2744 path
380 2693 505 2732 which
525 2694 634 2731 leads
654 2700 695 2731 to
716 2693 782 2731 the
802 2699 885 2730 east
914 2693 993 2731 end
1023 2694 1064 2731 of
1096 2695 1345 2733 Blackhouse
1379 2694 1481 2742 dike,
1516 2696 1658 2734 thence
1691 2698 1810 2746 along

222 2760 289 2798 the
323 2758 415 2797 dike
443 2759 541 2796 from
571 2764 654 2796 east
683 2764 723 2796 to
753 2764 845 2796 west
879 2764 919 2795 to
954 2770 976 2795 a
1007 2759 1101 2807 path
1133 2758 1239 2809 lying
1272 2767 1312 2798 to
1347 2761 1413 2799 the
1445 2761 1560 2799 south
1595 2762 1640 2800 of
1667 2763 1810 2800 Brown

267 2855 285 2871 ’κ
311 2856 351 2886 In
386 2854 441 2886 the
467 2855 587 2896 Duchy
614 2854 775 2894 Coucher,
797 2856 922 2897 though
950 2861 1008 2888 not
1041 2856 1076 2888 in
1103 2858 1159 2889 the
1190 2858 1394 2900 Exchequer‚
1416 2859 1507 2891 these
1534 2860 1641 2892 words
1670 2861 1809 2901 precede

223 2912 393 2947 tanquam,
414 2906 547 2937 Dicunt
562 2907 663 2938 eciam
679 2907 766 2948 quod
786 2908 893 2939 eadem
909 2908 1088 2940 Priorz'ssa.
1137 2910 1256 2941 Above
1280 2910 1370 2942 them
1397 2910 1424 2942 is
1451 2911 1583 2943 written
1609 2911 1643 2943 in
1671 2912 1808 2943 another

223 2961 311 2992 hand
335 2964 453 2992 rsa-cat.

267 3011 285 3047 †
310 3012 391 3043 This
407 3011 505 3043 claim
521 3012 547 3043 is
564 3012 776 3053 exemplified
794 3013 827 3045 in
845 3014 921 3046 Rot.
944 3014 1014 3045 Pat.
1037 3013 1077 3053 36
1095 3012 1159 3045 Ed.
1181 3012 1262 3051 ΙΙΙ,,
1288 3019 1335 3054 pt.
1357 3022 1387 3054 2,
1404 3024 1447 3044 m.
1469 3013 1520 3054 38.
