2044 3491
757 267 993 300 COUCHER
1025 267 1170 301 BOOK.
1708 269 1765 312 79

174 365 339 406 inveniri
377 365 583 417 contigerit
621 367 701 405 tam
739 365 837 404 infra
874 366 1097 405 libertatern
1137 377 1256 414 quam
1296 371 1415 413 extra,
1458 370 1498 404 et
1547 376 1616 403 eos
1655 365 1762 403 salvo

174 432 369 471 custodiat
388 445 512 482 usque
532 432 582 470 ad
611 431 829 481 proximam
850 431 1014 470 assisam
1045 443 1136 469 cum
1171 428 1383 480 Justiciarii
1412 430 1452 468 in
1486 429 1659 480 partibus
1680 428 1762 468 istis

174 497 351 536 venerint
371 498 422 536 ad
442 498 624 536 standum
643 496 792 536 ibidem
812 504 920 536 recto
942 504 1015 535 etc.

284 623 396 678 [290]
417 626 614 666 Attornati
630 626 776 677 recepti
791 628 896 677 apud
915 626 1107 677 Pikeryng
1120 639 1252 664 coram
1272 624 1447 664 Ricardo
1465 625 1515 663 de
1529 624 1762 674 Wylughby,

390 693 568 730 Roberto
589 693 640 731 de
663 693 919 742 Hungerford
949 699 986 731 et
1016 693 1201 741 Johanne
1230 692 1281 729 de
1303 691 1512 739 Hambury
1531 688 1764 738 Justiciariis

389 755 661 795 itinerantibus
709 757 750 795 in
798 758 942 796 foresta
1000 755 1167 795 Henrici
1216 755 1384 795 Comitis
1434 752 1664 792 Lancastrie
1712 753 1764 791 de

390 821 584 872 Pikeryng
620 822 685 861 die
724 824 837 861 Lune
875 822 1054 872 proximo
1084 828 1174 871 post
1207 821 1351 859 festum
1384 819 1518 859 Sancti
1551 817 1762 857 Michaelis

389 898 494 925 anno
514 887 623 937 regni
643 887 764 937 Regis
787 885 971 926 Edwardi
991 885 1100 925 tercii
1121 899 1144 924 a
1163 891 1383 934 conquestu
1404 884 1498 934 viij0.

230 968 364 1005 Frater
384 967 520 1006 Simon
542 970 756 1016 Fauconer,
779 970 974 1008 confrater
995 967 1138 1006 Prioris
1161 966 1383 1017 Hospitalis
1404 965 1539 1005 Sancti
1568 964 1766 1015 Johannis

175 1032 392 1080 Jerusalem
413 1031 453 1070 in
473 1033 617 1083 Anglia
637 1033 743 1072 venit
765 1041 802 1072 et
823 1033 984 1084 protulit
1005 1035 1122 1072 breve
1143 1031 1297 1071 domini
1321 1030 1442 1081 Regis
1471 1038 1610 1081 patens
1633 1042 1767 1068 coram

175 1096 406 1146 Justiciariis
444 1097 508 1136 hic
546 1098 586 1136 in
625 1099 700 1137 hec
737 1100 865 1138 verba.
927 1097 1168 1137 Edwardus÷÷
1207 1096 1272 1135 dei
1310 1096 1440 1146 gracia
1479 1098 1568 1134 Rex
1606 1094 1762 1144 Anglie‚

176 1161 374 1200 Dominus
397 1161 590 1202 Hibernie
611 1170 649 1202 et
671 1165 763 1201 Dux
782 1162 1025 1213 Aquitannie
1046 1160 1229 1200 omnibus
1246 1159 1396 1199 ballivis
1420 1167 1457 1198 et
1478 1158 1661 1198 fidelibus
1684 1158 1765 1197 suis

177 1226 227 1264 ad
248 1238 348 1275 quos
377 1234 578 1276 presentes
607 1227 716 1266 litere
746 1226 994 1277 pervenerint
1025 1227 1200 1264 salutem.
1261 1226 1366 1264 Cum
1396 1237 1533 1263 omnes
1564 1230 1602 1262 et
1624 1222 1768 1273 singuli

177 1290 319 1328 domus
340 1298 378 1329 et
408 1292 543 1330 fratres
574 1291 794 1342 Hospitalis
825 1291 958 1330 Sancti
986 1290 1180 1340 Johannis
1210 1290 1440 1340 Jerusalem,
1462 1296 1544 1327 tam
1566 1288 1606 1326 in
1627 1287 1770 1327 Scocia

177 1367 296 1404 quam
327 1354 368 1393 in
398 1355 536 1394 Wallia
568 1363 606 1395 et
636 1355 676 1394 in
710 1356 854 1406 Anglia
888 1355 1035 1395 dicioni
1070 1354 1204 1394 dilecti
1238 1354 1352 1393 nobis
1384 1353 1424 1392 in
1455 1352 1614 1393 Christo
1644 1351 1769 1391 fratris

178 1419 375 1458 Leonardi
397 1421 447 1459 de
467 1420 647 1470 Tybertis
671 1421 812 1459 Prioris
835 1421 1058 1471 Hospitalis
1078 1419 1246 1470 predicti
1267 1419 1307 1457 in
1328 1418 1472 1469 Anglia
1503 1418 1580 1457 sint
1601 1416 1772 1467 subjecti

178 1491 216 1522 et
235 1483 366 1533 ipsum
387 1484 561 1524 Priorem
583 1485 839 1535 disposicioni
861 1487 1076 1524 eorundem
1096 1498 1235 1524 vacare
1256 1492 1446 1535 oporteat,
1465 1497 1534 1534 per
1555 1484 1664 1533 quod
1683 1482 1769 1533 ipse

177 1548 290 1587 variis
310 1549 483 1598 negociis
516 1550 727 1600 Hospitale
757 1550 978 1600 predictum
1008 1549 1260 1601 tangentibus
1295 1549 1523 1599 prepeditus
1545 1547 1770 1588 defensioni

179 1627 248 1652 sue
268 1613 308 1651 in
338 1614 499 1653 diversis
534 1615 687 1664 placitis
722 1615 853 1665 ipsum
886 1623 924 1654 et
960 1615 1170 1665 Hospitale
1202 1614 1425 1665 predictum
1456 1615 1496 1652 in
1517 1614 1660 1664 Anglia
1680 1625 1772 1651 con-

178 1678 417 1729 tingentibus
438 1680 693 1729 personaliter
713 1693 850 1719 vacare
870 1693 952 1718 non
972 1687 1112 1730 potest,
1130 1687 1248 1730 prout
1268 1679 1341 1718 sibi
1358 1687 1396 1718 et
1410 1679 1540 1718 eidem
1558 1678 1770 1727 Hospitale

179 1743 390 1793 expediret,
413 1745 588 1784 volentes
611 1745 740 1784 eidem
764 1745 887 1783 Priori
921 1745 1091 1795 graciam
1113 1745 1153 1783 in
1174 1745 1248 1783 hac
1278 1751 1388 1794 parte
1409 1745 1538 1782 facere
1559 1743 1771 1793 specialem

179 1809 447 1848 concessimus
468 1810 503 1849 ei
523 1811 633 1860 quod
667 1812 783 1849 frater
818 1812 1017 1849 Robertus
1050 1812 1147 1850 Cort
1179 1816 1218 1848 et
1251 1811 1366 1848 frater
1396 1808 1532 1847 Simon
1555 1810 1771 1855 Fauconer,

181 1962 330 1999 chance
350 1968 391 1999 to
412 1962 495 2000 find
530 1962 648 2008 them,
670 1961 804 2001 within
838 1975 861 2000 a
894 1961 1034 2012 liberty
1068 1975 1112 2001 or
1146 1962 1321 2008 without,
1340 1961 1420 1998 and
1452 1966 1494 1998 to
1529 1959 1630 2008 keep
1664 1958 1774 1997 them

182 2027 368 2076 securely,
391 2039 435 2065 so
455 2039 496 2064 as
517 2033 558 2065 to
578 2027 754 2076 produce
774 2028 884 2066 them
907 2034 947 2066 to
968 2027 1083 2065 stand
1104 2026 1206 2065 their
1228 2025 1314 2064 trial
1333 2033 1373 2064 at
1407 2025 1473 2064 the
1509 2031 1601 2063 next
1631 2022 1774 2063 assizes

182 2092 293 2130 when
315 2091 382 2130 the
403 2091 571 2141 Justices
593 2092 691 2130 shall
711 2105 826 2131 come
846 2092 930 2130 into
951 2092 1064 2131 those
1085 2099 1202 2141 parts.

291 2222 494 2261 Attornies
522 2222 704 2262 received
733 2230 772 2262 at
806 2222 1014 2274 Pickering
1049 2223 1184 2262 before
1221 2222 1398 2261 Richard
1430 2223 1481 2261 de
1512 2221 1774 2272 Willoughby‚

400 2289 553 2326 Robert
574 2289 624 2326 de
647 2288 915 2338 Hungersord,
938 2288 1016 2327 and
1037 2288 1144 2338 John
1173 2287 1224 2326 de
1256 2287 1474 2336 Hambury,
1499 2299 1551 2325 on
1581 2285 1775 2335 Monday,

401 2353 469 2390 6th
491 2353 678 2401 October,
706 2366 817 2402 1334.

240 2434 406 2473 Brother
427 2434 563 2473 Simon
583 2435 787 2484 Falconer,
815 2448 892 2474 one
927 2435 972 2474 of
1000 2435 1068 2473 the
1098 2433 1282 2472 brethren
1317 2434 1362 2472 of
1392 2433 1460 2471 the
1496 2433 1607 2471 Prior
1637 2433 1682 2471 of
1709 2431 1777 2471 the

188 2498 453 2548 Hospitallers
473 2497 514 2536 in
534 2499 731 2549 England,
749 2512 914 2549 appears
934 2500 1015 2538 and
1030 2499 1226 2549 produces
1243 2499 1310 2537 the
1326 2497 1464 2547 King's
1481 2497 1613 2536 letters
1629 2503 1777 2546 patent,

186 2562 227 2600 in
247 2562 383 2611 which,
399 2563 496 2602 after
516 2563 682 2613 reciting
701 2564 785 2602 that
805 2564 871 2602 the
893 2565 1034 2602 House
1054 2562 1134 2600 and
1155 2562 1341 2600 brethren
1363 2563 1407 2600 of
1425 2562 1492 2599 the
1514 2561 1778 2610 Hospitallers

187 2624 228 2662 in
250 2625 440 2664 Scotland
460 2626 539 2664 and
559 2626 701 2673 Wales,
724 2638 766 2664 as
787 2627 873 2664 well
893 2639 934 2664 as
955 2625 996 2664 in
1030 2626 1227 2676 England,
1248 2638 1348 2664 were
1383 2626 1510 2664 under
1529 2626 1596 2664 the
1627 2626 1709 2664 rule
1738 2625 1784 2664 of

188 2691 256 2729 the
276 2690 387 2729 Prior
406 2691 591 2730 Leonard
612 2691 664 2730 de
684 2691 876 2741 Tybertis,
899 2691 987 2729 who
1008 2691 1129 2740 ought
1149 2698 1190 2729 to
1211 2691 1349 2729 attend
1369 2690 1533 2737 thereto,
1551 2702 1595 2727 so
1612 2689 1694 2727 that
1714 2689 1776 2736 he,

189 2753 308 2803 being
326 2755 543 2803 prevented
563 2755 615 2804 by
635 2755 785 2793 several
806 2762 966 2794 matters
987 2755 1031 2793 of
1046 2754 1226 2794 business
1246 2753 1413 2804 relating
1432 2761 1473 2793 to
1494 2755 1560 2793 the
1578 2753 1778 2803 Hospital‚

189 2825 337 2857 cannot
356 2831 502 2868 appear
520 2820 743 2869 personally
763 2826 804 2858 to
824 2820 973 2859 defend
993 2820 1061 2858 the
1080 2820 1181 2870 legal
1201 2819 1463 2870 proceedings
1497 2820 1581 2857 also
1613 2817 1780 2868 relating

188 2889 231 2920 to
250 2881 413 2919 himself
427 2882 506 2920 and
526 2883 594 2921 the
626 2883 815 2933 Hospital
845 2896 887 2922 as
919 2883 969 2922 he
1000 2885 1135 2934 ought,
1158 2884 1226 2923 the
1259 2883 1379 2933 King,
1402 2881 1566 2932 wishing
1599 2889 1641 2921 to
1671 2883 1780 2922 show

189 2945 359 2997 especial
379 2946 515 2984 favour
533 2953 575 2984 to
595 2947 662 2986 the
683 2946 804 2995 Prior,
826 2948 992 2997 granted
1011 2949 1121 2988 leave
1140 2955 1182 2987 to
1218 2948 1370 2987 Robert
1403 2947 1500 2985 Cort
1535 2947 1615 2986 and
1644 2946 1780 2986 Simon

237 3044 251 3060 *
277 3044 332 3075 See
360 3043 435 3075 Rot.
458 3043 528 3075 Pat.
550 3048 567 3082 7
586 3043 649 3075 Ed.
672 3043 752 3084 111.,
772 3048 818 3086 pt.
840 3053 870 3082 2,
887 3055 931 3077 m.
955 3045 1004 3086 16,
1031 3045 1208 3078 continued
1232 3046 1309 3078 Rot.
1331 3045 1402 3076 Pat.
1427 3051 1465 3075 10
1489 3043 1552 3076 Ed.
1573 3043 1654 3084 HL,
1681 3048 1727 3086 pt.
1748 3053 1779 3084 2,

192 3105 234 3126 m.
260 3101 307 3134 17,
327 3094 423 3127 when
440 3094 550 3136 Philip
567 3095 608 3126 de
624 3094 752 3127 Tharne
769 3105 835 3127 was
852 3095 956 3130 Prior.
