2044 3491
291 228 379 269 208
955 232 1224 265 APPENDIX.

286 341 325 373 et
345 341 465 373 terras
486 332 645 384 prefatis
666 331 853 371 Amarico
873 338 913 370 et
932 329 1131 369 Willelmo
1151 329 1336 379 Thurnyf
1349 326 1544 375 alienavit,
1569 325 1695 366 extitit
1715 323 1880 364 ballivus

285 399 450 439 manerii
470 401 521 439 de
542 400 749 449 Pikeryng,
772 397 840 448 qui
860 396 1050 436 corticem
1072 408 1292 445 quercuum
1321 402 1417 433 tunc
1436 392 1624 443 temporis
1645 404 1804 430 suarum
1824 389 1880 429 eis

285 463 537 502 liberatarum
557 476 628 513 pro
649 462 790 501 timore
819 461 938 500 officii
967 461 1027 500 sui
1048 461 1083 500 ei
1104 468 1385 500 concesserunt
1401 475 1412 509 3
1443 467 1482 499 et
1502 459 1640 498 dicunt
1661 459 1771 508 quod
1791 463 1880 507 post

287 529 559 567 remocionern
593 527 732 578 prefati
761 527 917 565 Thome
947 527 998 565 de
1029 526 1216 565 Ebriston
1246 539 1268 564 a
1295 524 1440 564 balliva
1474 537 1543 562 sua
1575 530 1614 562 et
1646 521 1776 561 officio
1807 534 1879 560 suo

286 592 488 643 predictus
509 593 687 631 Thomas
705 592 971 630 wodwardum
992 604 1067 629 nec
1087 590 1274 629 corticem
1296 589 1336 628 in
1356 590 1480 629 bosco
1502 587 1680 639 predicto
1701 586 1879 637 percepit

286 670 362 696 nec
381 657 422 695 in
442 657 526 696 aliis
547 655 731 707 proficuis
761 655 843 694 sive
875 655 1124 694 libertatibus
1158 655 1200 693 in
1235 655 1413 705 predicta
1445 654 1538 693 villa
1571 652 1646 691 nisi
1675 660 1718 691 ut
1747 664 1880 690 comu-

289 722 421 760 narius
442 722 622 771 ejusdem
646 720 744 769 ville,
769 727 807 758 et
835 720 914 758 hoc
947 719 1072 770 parati
1103 727 1192 757 sunt
1226 719 1426 758 verificare
1461 725 1523 757 etc
1540 732 1551 767 3
1580 725 1618 757 et
1649 717 1706 756 sic
1740 716 1879 756 dicunt

289 787 398 836 quod
419 785 586 836 predicti
608 785 808 824 Robertus
841 784 941 822 filius
963 784 1147 823 Willelmi
1179 792 1218 823 et
1251 786 1428 822 Thomas
1460 784 1647 833 Thurnyf
1673 795 1743 821 seu
1772 789 1879 821 ante—

288 863 464 889 cessores
485 864 554 889 seu
575 851 799 889 feoffatores
821 849 995 899 ipsorum
1027 849 1194 888 Roberti
1223 857 1261 888 et
1292 851 1449 888 Thorne
1478 861 1685 898 nunquam
1705 846 1879 897 aliquem

289 916 556 953 wodwardum
575 914 616 952 in
646 913 849 953 eleccione
883 927 952 952 sua
985 927 1055 953 seu
1088 915 1276 953 corticem
1308 915 1370 953 vel
1401 927 1593 964 quercum
1622 913 1664 951 in
1697 911 1878 962 predicto

287 979 412 1018 bosco
433 980 484 1018 de
504 978 690 1028 predictis
712 979 891 1017 Roberto
912 980 962 1017 de
984 980 1256 1030 Scardeburgh
1278 986 1316 1018 et
1331 981 1366 1016 T
1370 980 1488 1017 homa
1504 978 1632 1017 White
1652 990 1721 1016 seu
1742 989 1880 1015 eorum

291 1043 548 1082 feofatoribus
577 1044 639 1081 vel
668 1056 807 1081 eorum
841 1045 1157 1083 antecessoribus
1191 1045 1425 1090 habuerunt,
1461 1043 1537 1081 nisi
1571 1056 1641 1093 pro
1674 1043 1879 1080 voluntate

287 1108 610 1147 comunariorum
646 1115 685 1146 et
726 1107 956 1146 tenencium
984 1108 1075 1148 ville
1105 1109 1283 1159 predicte
1300 1124 1311 1157 3
1341 1117 1379 1147 et
1417 1109 1555 1147 dicunt
1585 1108 1694 1158 quod
1728 1108 1880 1145 clamea

287 1175 466 1226 predicta
485 1175 541 1213 eis
563 1175 619 1213 sic
639 1175 807 1213 allocata
839 1174 880 1212 in
913 1173 1268 1213 exheredacionem
1301 1172 1452 1212 domini
1484 1172 1606 1222 Regis
1627 1179 1666 1210 et
1686 1172 1879 1209 heredum

288 1253 462 1286 suorum,
497 1239 528 1277 si
565 1239 765 1289 predictus
805 1240 953 1278 Comes
993 1239 1077 1277 sine
1115 1239 1263 1277 herede
1303 1239 1354 1277 de
1392 1250 1557 1287 corpore
1592 1250 1664 1275 suo
1707 1242 1878 1274 exeunte

288 1304 441 1351 obierit,
473 1311 512 1342 et
542 1304 723 1353 ejusdem
753 1303 921 1342 Comitis
951 1311 990 1342 et
1019 1303 1187 1342 aliorum
1222 1302 1541 1341 comunariorum
1577 1309 1616 1341 et
1649 1300 1878 1340 tenencium

287 1369 380 1408 ville
402 1369 579 1419 predicte
599 1369 702 1406 facta
723 1369 879 1406 fuerunt
900 1376 973 1407 etc.
1034 1367 1183 1406 Dicunt
1205 1367 1330 1406 eciam
1360 1368 1471 1417 quod
1499 1366 1607 1405 idem
1628 1367 1806 1404 Thomas
1827 1365 1878 1403 de

291 1435 488 1472 Ebreston
509 1446 584 1471 nec
612 1431 734 1482 aliqui
762 1440 1031 1471 antecessores
1058 1432 1118 1470 sui
1139 1445 1207 1471 seu
1227 1432 1349 1482 aliqui
1369 1431 1434 1470 alii
1454 1445 1477 1469 a
1496 1439 1676 1481 tempore
1695 1443 1775 1480 quo
1796 1442 1878 1468 non

290 1505 396 1537 extat
415 1497 607 1536 memoria
627 1504 746 1535 terras
777 1504 816 1535 et
845 1504 1073 1535 tenementa
1111 1496 1178 1535 illa
1215 1504 1398 1535 tenentes
1430 1504 1521 1535 ante
1556 1504 1712 1545 tempus
1750 1493 1880 1533 ultimi

290 1562 438 1601 itineris
459 1570 522 1601 etc
541 1561 582 1600 in
604 1574 859 1612 quocumque
892 1560 1031 1600 itinere
1052 1561 1093 1599 in
1113 1562 1257 1599 foresta
1279 1561 1329 1599 de
1351 1560 1544 1610 Pikeryng
1565 1567 1675 1598 tento
1695 1557 1880 1608 tempori-

291 1629 364 1666 bus
385 1627 589 1666 retroactis
609 1639 785 1676 unquam
816 1626 947 1676 aliqua
976 1628 1126 1665 clamea
1156 1627 1206 1665 de
1236 1625 1386 1664 eisdem
1407 1626 1651 1664 wodewardo
1673 1632 1710 1663 et
1731 1623 1879 1662 cortice

289 1699 594 1743 proposuerunt,
616 1704 690 1730 nec
719 1691 871 1741 aliquas
892 1691 1120 1741 hujusmodi
1149 1691 1347 1729 libertates
1380 1704 1449 1729 seu
1476 1690 1647 1740 aliquem
1669 1697 1816 1728 statum
1836 1688 1877 1727 in

290 1758 434 1796 eodem
463 1758 587 1795 bosco
617 1757 897 1802 clamaverunt,
920 1755 995 1793 nisi
1016 1763 1058 1793 ut
1087 1756 1305 1794 comunarii
1332 1763 1370 1794 et
1392 1755 1600 1802 convicini,
1624 1762 1738 1805 prout
1758 1754 1881 1792 mani-

289 1824 389 1861 feste
409 1821 558 1872 liquere
578 1828 709 1871 potest
729 1834 798 1870 per
817 1822 1026 1859 recordum
1061 1828 1100 1858 et
1128 1822 1278 1859 rotulos
1299 1820 1452 1859 domini
1471 1819 1657 1859 Willelrni
1678 1821 1728 1858 de
1748 1821 1879 1869 Vescy

289 1895 328 1926 et
358 1887 554 1926 sociorum
586 1899 746 1925 suorum
768 1899 894 1936 nuper
910 1885 954 1928 >in
976 1887 1118 1925 eadem
1148 1887 1292 1924 foresta
1326 1886 1377 1924 de
1407 1886 1613 1935 Pykeryng
1642 1883 1880 1934 Justiciario-

290 2018 334 2056 of
358 2018 425 2056 the
454 2029 593 2054 manor
613 2017 658 2054 of
682 2015 901 2065 Pickering,
924 2016 1037 2053 when
1066 2015 1133 2053 the
1162 2015 1273 2052 small
1294 2012 1508 2062 occupiers,
1530 2013 1628 2050 from
1649 2013 1731 2051 sear
1751 2013 1796 2050 of
1819 2011 1879 2050 his

291 2084 415 2129 office,
451 2095 547 2131 gave
586 2081 668 2118 him
702 2082 768 2119 the
796 2081 893 2118 bark
925 2082 1024 2118 from
1059 2079 1160 2119 their
1185 2078 1304 2128 livery
1325 2079 1431 2117 oaks.
1491 2079 1602 2116 After
1631 2078 1808 2115 Thomas
1829 2077 1880 2115 de

292 2149 516 2186 Ebberston
532 2160 607 2184 was
623 2147 811 2185 removed
832 2147 931 2184 from
952 2145 1011 2183 his
1031 2144 1226 2183 bailiwick
1242 2144 1321 2182 and
1338 2144 1451 2181 office
1466 2143 1516 2181 he
1531 2155 1650 2181 never
1663 2141 1881 2191 appointed

290 2225 313 2250 a
332 2212 565 2258 woodward,
586 2210 765 2249 received
787 2223 862 2259 any
882 2210 989 2256 bark‚
1012 2222 1055 2247 or
1071 2209 1239 2258 enjoyed
1260 2222 1337 2258 any
1357 2210 1469 2247 other
1487 2209 1624 2258 profits
1645 2221 1689 2245 or
1708 2206 1879 2245 liberties

290 2277 330 2315 in
353 2277 420 2315 the
440 2275 633 2325 township
655 2281 795 2323 except
814 2287 856 2312 as
877 2287 899 2311 a
920 2286 1162 2311 commoner.
1220 2274 1317 2312 This
1347 2275 1438 2325 they
1459 2287 1522 2312 are
1543 2275 1663 2323 ready
1683 2280 1724 2312 to
1746 2285 1877 2322 prove.

291 2342 507 2379 Therefore
527 2341 620 2389 they
649 2353 715 2389 say
749 2340 833 2377 that
862 2338 1015 2377 neither
1046 2338 1199 2376 Robert
1218 2340 1386 2388 Wyerne
1405 2339 1484 2377 and
1504 2339 1681 2377 Thomas
1702 2337 1886 2375 Thurnef

292 2420 365 2445 nor
384 2405 486 2445 their
505 2412 704 2443 ancestors
725 2417 769 2442 or
789 2405 944 2442 feoffors
966 2416 1055 2441 ever
1075 2404 1153 2441 had
1174 2404 1241 2441 the
1260 2403 1360 2453 right
1380 2410 1421 2441 to
1457 2404 1557 2441 elect
1589 2416 1612 2441 a
1648 2402 1878 2449 woodward,

293 2485 337 2511 or
356 2479 397 2510 to
417 2472 508 2510 take
528 2472 624 2509 bark
645 2483 689 2508 or
708 2470 785 2508 oak
813 2468 854 2506 in
885 2470 952 2506 the
981 2467 1175 2517 township
1207 2469 1305 2505 from
1339 2467 1490 2506 Robert
1521 2468 1572 2505 de
1605 2466 1879 2516 Scarborough

292 2538 371 2576 and
392 2537 568 2575 Thomas
589 2535 732 2581 White‚
754 2547 797 2572 or
817 2533 916 2572 their
935 2540 1135 2571 ancestors
1170 2545 1213 2570 or
1242 2533 1411 2580 feoffors,
1434 2539 1573 2581 except
1606 2539 1646 2570 at
1679 2533 1745 2570 the
1774 2531 1881 2581 good

292 2603 368 2640 will
388 2603 433 2641 of
446 2602 513 2640 the
534 2613 782 2640 commoners
803 2600 881 2637 and
903 2605 1068 2637 tenants.
1127 2598 1240 2644 They
1261 2611 1328 2647 say
1347 2598 1432 2636 that
1444 2598 1511 2636 the
1525 2598 1736 2635 allowance
1752 2597 1796 2634 of
1811 2597 1879 2634 the

294 2666 409 2705 claim
430 2666 505 2705 will
525 2665 728 2716 prejudice
748 2666 815 2703 the
836 2664 945 2714 King
975 2664 1054 2702 and
1088 2662 1149 2701 his
1179 2662 1282 2701 heirs
1314 2663 1354 2701 in
1385 2675 1475 2701 case
1509 2663 1576 2701 the
1611 2663 1703 2700 Earl
1736 2661 1880 2699 should

294 2733 453 2782 happen
487 2739 527 2771 to
557 2731 622 2770 die
655 2730 819 2769 without
849 2730 963 2776 issue,
996 2729 1075 2767 and
1104 2729 1187 2767 also
1216 2728 1438 2778 prejudices
1468 2727 1535 2765 the
1565 2727 1657 2764 Earl
1695 2726 1775 2764 and
1812 2725 1880 2764 the

295 2798 408 2836 other
446 2808 695 2834 commoners
734 2795 813 2833 and
853 2801 1019 2833 tenantS.
1097 2795 1308 2832 Moreover
1345 2793 1437 2842 they
1476 2805 1543 2841 say
1593 2792 1677 2830 that
1725 2789 1880 2829 neither

295 2863 471 2901 Thomas
492 2862 542 2900 de
564 2861 796 2908 Ebberston,
820 2872 893 2897 nor
912 2872 989 2908 any
1009 2859 1051 2896 of
1067 2858 1127 2896 his
1147 2865 1360 2905 ancestors,
1381 2870 1454 2895 nor
1487 2869 1563 2905 any
1599 2857 1644 2894 of
1669 2856 1737 2894 the
1766 2867 1881 2894 occu-

295 2926 396 2976 piers
418 2927 463 2964 of
478 2926 543 2964 the
563 2925 676 2963 lands
696 2923 736 2962 in
757 2924 940 2974 question
960 2924 1060 2961 from
1081 2923 1175 2962 time
1195 2922 1454 2961 immemorial
1476 2935 1566 2960 ever
1585 2920 1625 2959 in
1645 2933 1721 2970 any
1743 2922 1881 2958 Forest

296 2992 397 3040 Eyre
417 2991 509 3028 held
530 2997 568 3028 at
590 2989 797 3039 Pickering
817 3002 869 3038 up
890 2995 931 3027 to
951 2989 1017 3027 the
1048 2989 1122 3026 last
1151 2989 1267 3026 made
1301 3000 1377 3036 any
1406 2985 1541 3025 claims
1573 2992 1614 3024 to
1647 2986 1714 3023 the
1749 2985 1880 3023 wood-

295 3056 398 3093 ward
418 3055 497 3093 and
517 3055 624 3102 bark‚
647 3067 690 3093 or
709 3061 749 3093 to
770 3054 866 3093 such
887 3053 965 3092 like
985 3052 1167 3101 libertieS,
1190 3053 1270 3092 and
1304 3064 1423 3091 never
1452 3050 1621 3090 claimed
1652 3062 1727 3100 any
1758 3055 1881 3088 estate
