2044 3491
298 206 385 237 220
964 204 1234 237 APPENDlX.

905 301 946 340 id
967 315 1016 341 m.
1042 303 1103 341 8d.
1129 300 1299 354 (Fines).

348 384 411 422 De
432 383 612 423 Roberto
642 384 693 423 de
727 384 1000 434 Scardeburgh
1033 384 1157 422 milite
1191 385 1242 422 de
1272 384 1348 421 fine
1378 395 1450 432 pro
1482 381 1646 422 diversis
1676 390 1885 434 transgres-

293 448 470 488 sionibus
510 462 627 499 super
664 449 793 498 ipsum
832 461 964 487 coram
1014 448 1180 487 domino
1229 450 1340 497 Rege
1385 447 1630 497 presentatis,
1670 450 1778 487 unde
1816 461 1886 498 per

292 513 568 563 cognicionem
591 528 702 553 suam
722 512 928 551 convictus
949 520 1018 560 est,
1036 526 1105 563 per
1125 513 1297 563 plegium
1319 511 1486 550 Roberti
1507 513 1570 550 Ra
1591 520 1629 551 et
1650 513 1812 552 Ricardi
1833 513 1885 552 de

293 578 543 618 Cliderhowe
573 610 581 618 .
614 610 622 618 .
655 609 663 618 .
695 609 704 617 .
735 584 809 616 xxS.

914 708 956 749 id
978 724 1026 748 m.
1053 723 1072 747 2
1097 710 1261 762 (Fines).

348 792 412 831 De
435 791 611 831 Henrico
632 793 682 831 de
704 793 875 843 Ripplay
895 792 1113 831 subballivo
1143 795 1194 832 de
1224 794 1430 843 Pykeryng
1450 793 1500 832 de
1516 794 1593 831 fine
1613 807 1684 843 pro
1705 807 1753 833 eo
1774 795 1885 844 quod

291 856 475 895 arestavit
494 858 601 896 bona
621 865 659 896 et
680 860 820 896 catalla
849 857 1016 896 Roberti
1045 859 1096 896 de
1126 859 1399 908 Scardeburgh
1430 859 1536 907 apud
1558 859 1755 896 Ebreston
1775 861 1884 897 unde

290 921 503 960 indictatus
524 930 582 960 est
602 930 641 961 et
662 936 729 972 per
749 923 1025 973 cognicionem
1055 937 1166 962 snam
1197 924 1401 961 convictus
1430 936 1501 973 per
1529 922 1702 972 plegium
1723 924 1883 962 Thome

291 987 476 1037 Thurnyf
490 994 529 1025 et
549 987 718 1026 Roberti
737 989 789 1026 de
810 989 967 1026 Roston
998 1019 1005 1027 .
1036 1018 1044 1026 .
1079 1019 1087 1027 .
1121 1018 1128 1027 .
1160 987 1229 1027 xld.

955 1117 997 1157 id
1018 1132 1067 1157 m.
1093 1120 1155 1157 68.
1179 1119 1216 1157 d.

347 1200 450 1238 Item
480 1206 709 1249 presentant
740 1200 847 1249 quod
880 1199 1081 1238 Henricus
1113 1199 1309 1250 Rippelay
1329 1199 1568 1238 subballivus
1598 1200 1649 1238 de
1680 1200 1884 1249 Pykeryng

290 1264 472 1302 arestavit
493 1265 610 1302 blada
645 1264 810 1303 Roberti
842 1265 892 1302 de
926 1266 1199 1314 Scardeburgh
1232 1265 1365 1303 militis
1403 1265 1510 1314 apud
1546 1265 1742 1302 Ebreston
1776 1278 1883 1303 anno

286 1328 396 1377 regni
417 1328 537 1378 Regis
559 1342 663 1366 nunc
683 1328 872 1366 vicesimo
907 1328 1034 1378 primo
1068 1330 1119 1367 ad
1152 1329 1371 1368 valenciam
1401 1329 1535 1378 viginti
1567 1342 1785 1366 marcarum
1807 1342 1881 1379 pro

290 1393 474 1442 dampnis
508 1393 744 1443 adjudicatis
780 1395 960 1432 Roberto
999 1395 1049 1432 de
1083 1396 1225 1443 Wyern
1264 1401 1302 1432 et
1340 1394 1500 1431 Thome
1534 1394 1585 1431 de
1624 1394 1807 1432 Thurnef
1840 1393 1882 1432 in

292 1459 466 1507 quodam
489 1458 633 1507 placito
654 1458 767 1496 frisce
787 1457 918 1505 forcie,
941 1458 1125 1497 videlicet
1145 1466 1307 1496 centum
1328 1457 1475 1505 solidis,
1500 1465 1537 1496 et
1567 1458 1744 1507 predicta
1765 1460 1883 1497 blada

290 1523 460 1562 detinuit
491 1525 564 1561 sub
598 1530 863 1561 arestamento
893 1524 1072 1572 predicto
1102 1536 1311 1573 quousque
1332 1523 1438 1561 idem
1459 1524 1661 1561 Robertus
1682 1523 1882 1572 predictos

290 1596 452 1626 centum
473 1587 620 1626 solidos
643 1587 696 1625 eis
718 1587 907 1634 solvisset,
932 1588 999 1637 qui
1022 1589 1076 1626 eis
1097 1587 1312 1637 adjudicati
1334 1589 1486 1626 suerunt
1506 1586 1546 1624 in
1569 1588 1882 1637 Wappentachio

291 1654 342 1691 de
363 1654 569 1703 Pykeryng
589 1660 627 1691 et
648 1653 724 1690 hoc
744 1665 813 1702 per
833 1660 1064 1702 preceptum
1086 1651 1249 1692 Galfridi
1270 1653 1320 1691 de
1338 1652 1649 1701 Wryghtyngton
1669 1659 1708 1690 et
1724 1653 1882 1692 Thome

291 1720 402 1757 Brett
423 1726 519 1756 tunc
539 1718 773 1756 ballivorum
794 1718 844 1756 de
865 1718 1082 1768 Pykeryng.

344 1846 462 1882 From
483 1842 542 1881 Sir
562 1843 715 1881 Robert
736 1844 786 1881 de
807 1844 1091 1893 Scmborough,
1107 1845 1213 1882 fined
1233 1845 1293 1883 for
1313 1838 1654 1883 several'offences
1675 1847 1735 1883 for
1754 1845 1880 1884 which

289 1910 342 1948 he
362 1922 438 1947 was
459 1907 636 1946 indicted
656 1907 696 1945 in
717 1909 784 1946 the
806 1908 946 1959 King's
968 1910 1118 1956 Bench,
1140 1911 1220 1947 and
1242 1910 1366 1947 found
1386 1909 1507 1958 guilty
1527 1923 1579 1948 on
1600 1909 1660 1947 his
1681 1923 1767 1948 own
1789 1923 1880 1948 con-

288 1973 448 2020 fession,
471 1971 521 2021 ,ξ
528 1986 559 2010 1.
618 1973 801 2020 Sureties‚
823 1974 976 2011 Robert
997 1975 1112 2022 Wray
1141 1975 1221 2012 and
1244 1973 1418 2012 Richard
1440 1975 1490 2012 de
1512 1974 1750 2013 Clitherhoe.

345 2040 463 2076 From
488 2039 628 2086 Henry
648 2038 699 2075 de
730 2038 912 2087 Rippley,
950 2038 1172 2076 sub-bailiff
1195 2040 1240 2076 of
1264 2038 1481 2088 Pickering‚
1514 2039 1620 2076 fined
1650 2040 1708 2076 for
1736 2038 1881 2089 having

291 2102 423 2142 seized
444 2102 570 2151 goods
591 2101 669 2139 and
691 2102 857 2140 chattels
878 2104 923 2140 of
948 2102 1007 2141 Sir
1027 2104 1180 2141 Robert
1201 2104 1251 2141 de
1272 2103 1556 2152 Scarborough‚
1579 2110 1618 2141 at
1640 2104 1878 2151 Ebberston‚

290 2169 353 2206 for
372 2167 498 2206 which
519 2168 568 2204 he
589 2179 665 2204 was
686 2166 862 2204 indicted
883 2168 964 2204 and
984 2168 1107 2205 found
1123 2166 1244 2217 guilty
1257 2181 1309 2205 on
1323 2167 1382 2205 his
1404 2180 1490 2206 own
1506 2167 1741 2216 confession,
1765 2175 1803 2216 3⁵
1818 2167 1876 2215 4⁶¹.

291 2231 473 2278 Sureties‚
491 2232 669 2269 Thomas
691 2231 874 2268 Thurnef
888 2232 968 2269 and
989 2232 1141 2270 Robert
1162 2233 1212 2270 de
1233 2233 1400 2273 Ruston.

345 2297 432 2334 The
452 2294 688 2333 indictment
709 2301 767 2332 set
787 2295 888 2333 forth
909 2296 993 2333 that
1013 2296 1062 2333 he
1083 2295 1215 2334 seized
1236 2309 1330 2334 corn
1351 2295 1392 2334 in
1408 2297 1474 2335 the
1494 2310 1585 2346 year
1609 2308 1722 2346 1347,
1744 2304 1786 2336 to
1811 2298 1879 2337 the

291 2361 405 2398 value
425 2361 470 2398 of
484 2357 585 2408 7513
609 2361 647 2396 6⁵
668 2357 722 2405 Sd,
741 2365 782 2396 to
803 2358 936 2408 satisfy
957 2373 979 2397 a
992 2360 1199 2410 judgment
1220 2361 1279 2398 for
1297 2358 1348 2408 Α
1351 2372 1370 2410 5
1403 2360 1517 2410 given
1546 2360 1587 2399 in
1621 2363 1688 2399 the
1708 2364 1877 2411 Wapen-

290 2426 381 2463 take
403 2425 527 2463 Court
548 2425 593 2461 of
618 2422 826 2472 Pickering
854 2423 895 2460 in
921 2425 1057 2461 favour
1088 2425 1132 2462 of
1160 2425 1313 2463 Robert
1344 2425 1394 2463 de
1421 2427 1563 2474 Wyern
1592 2427 1671 2464 and
1700 2427 1878 2465 Thomas

292 2491 343 2528 de
363 2490 548 2536 Thurnef,
571 2489 657 2527 who
677 2488 845 2537 brought
870 2501 920 2525 an
940 2488 1072 2526 action
1107 2489 1153 2526 of
1175 2489 1279 2526 fresh
1309 2490 1414 2527 force
1442 2488 1594 2538 against
1622 2489 1682 2528 Sir
1711 2492 1874 2530 Robert.

291 2553 389 2592 This
409 2554 459 2592 he
479 2553 548 2592 did
569 2553 619 2603 by
639 2556 705 2591 the
726 2551 919 2591 direction
941 2553 986 2590 of
1009 2553 1193 2604 Geoffrey
1222 2554 1272 2593 de
1291 2552 1582 2604 Wrightington
1602 2555 1680 2593 and
1701 2556 1877 2594 Thomas

293 2621 414 2666 Brett,
436 2619 531 2657 then
551 2617 690 2657 bailiffs
710 2618 754 2655 of
780 2616 996 2667 Pickering.
