2044 3491
294 209 372 250 182
655 216 828 248 DUCHY
860 217 920 248 OF
954 216 1243 248 LANCASTER
1274 216 1510 249 RECORDS.

343 317 618 354 Presentatum
647 345 655 353 .
688 346 696 354 .
729 345 737 353 .
770 345 777 353 .
809 315 919 365 quod
946 315 1150 365 Johannes
1173 314 1365 352 Hamund
1386 314 1436 352 de
1457 310 1728 360 Scardeburgh
1749 316 1788 348 et
1808 306 1874 346 alii

287 382 443 419 fuerunt
463 379 643 419 consueti
663 382 934 419 malefactores
956 380 1007 418 de
1021 379 1240 418 venacione
1256 377 1408 417 domini
1429 376 1550 427 Regis
1560 391 1570 425 3
1591 375 1659 426 qui
1674 373 1873 425 predictus

288 445 491 495 Johannes
510 445 617 484 venit
646 458 779 483 coram
811 444 1042 495 Justiciariis
1077 451 1115 482 et
1145 444 1286 494 optulit
1315 456 1357 482 se
1387 443 1611 492 acquietare
1641 454 1709 490 per
1729 435 1871 491 [321b]

288 517 574 548 sacramentum
595 523 708 548 suum
729 517 766 548 et
787 509 943 559 triginta
969 516 1008 548 et
1037 522 1105 547 sex
1133 509 1340 547 hominum
1372 507 1464 558 quia
1493 520 1574 545 non
1595 505 1779 544 inventus
1800 503 1872 541 fuit

288 587 379 612 cum
402 587 644 624 manuopere
673 587 742 624 per
769 573 973 613 viridarios
1008 581 1046 613 et
1077 573 1298 612 forestarios
1329 573 1430 611 sicut
1464 571 1686 610 continetur
1706 569 1744 607 in
1766 575 1872 606 carta

287 638 466 687 predicta
482 653 493 687 3
521 638 612 677 ideo
629 639 924 677 consideratum
945 646 1003 677 est
1021 639 1129 688 quod
1150 651 1191 676 se
1207 637 1403 688 acquietet
1426 638 1547 675 modo
1567 634 1747 685 predicto
1765 648 1776 682 3
1805 633 1873 683 qui

287 703 394 741 venit
415 709 453 741 et
474 716 515 742 se
536 702 774 753 acquietavit
794 711 837 741 ut
858 703 1076 752 predictum
1098 697 1156 741 est
1171 717 1181 751 3
1212 702 1304 741 ideo
1325 702 1408 752 ipse
1428 701 1521 740 inde
1541 699 1708 751 quietus.

341 769 615 806 Presentatum
646 799 653 807 .
686 798 694 806 .
727 799 735 807 .
767 799 775 808 .
807 769 916 818 quod
962 769 1167 818 Johannes
1206 768 1257 806 de
1297 767 1521 817 Lymbergh
1551 765 1622 804 fuit
1651 769 1872 813 receptator

286 832 434 883 Rogeri
453 834 504 872 de
526 834 870 883 Comergesheved
899 841 937 872 et
966 833 1131 871 aliorum
1152 833 1450 871 malefactorum
1471 832 1522 870 de
1541 828 1759 868 venacione
1779 840 1869 865 cum

284 897 499 937 malefactis
520 897 599 936 suis
613 912 624 946 3
654 897 721 948 qui
740 897 848 936 venit
868 911 1001 936 coram
1020 897 1253 948 Justiciariis
1274 905 1313 936 et
1333 895 1475 946 optulit
1496 908 1537 934 se
1558 893 1782 944 acquietare
1801 904 1871 941 per

283 970 572 1001 sacramentum
589 962 745 1012 triginta
760 970 798 1001 et
819 976 885 1001 sex
899 962 1104 1001 hominum
1121 970 1162 1001 ut
1176 976 1291 1012 supra
1307 975 1354 1001 eo
1376 962 1485 1012 quod
1500 973 1581 999 non
1602 958 1673 997 fuit
1688 958 1871 996 inventus

282 1035 369 1074 etc.‚
393 1028 615 1066 secundum
635 1034 814 1065 tenorem
836 1035 1028 1065 cartarum
1049 1027 1314 1077 predictarum
1334 1034 1420 1073 eto,
1443 1033 1482 1065 et
1501 1036 1736 1064 concessum
1757 1029 1815 1060 est
1836 1021 1872 1060 ei

282 1093 392 1141 quod
412 1091 610 1141 acquietet
624 1104 665 1130 se
683 1093 804 1130 modo
820 1092 1012 1141 predicto.
1071 1094 1215 1130 Postea
1230 1091 1338 1130 venit
1359 1099 1398 1129 et
1413 1090 1504 1129 fecit
1525 1091 1645 1129 finem
1665 1101 1734 1138 pro
1749 1100 1872 1126 sacra-

281 1163 419 1195 mento
440 1157 653 1195 relaxando
669 1169 740 1206 pro
759 1163 823 1193 xxss
841 1169 911 1206 per
931 1156 1105 1206 plegium
1129 1156 1294 1195 Henrici
1310 1158 1360 1195 de
1376 1158 1533 1195 Roston
1555 1164 1593 1194 et
1614 1152 1780 1192 Roberti
1801 1154 1867 1191 Pa.

281 1221 382 1259 Ideo
396 1220 550 1270 quietus
567 1234 637 1270 pro
658 1222 736 1260 fine
757 1222 936 1271 predicto
958 1223 1008 1260 de
1022 1229 1267 1261 sacramento
1285 1229 1323 1260 et
1343 1221 1649 1271 transgressione
1670 1218 1867 1270 predictis.

334 1286 606 1324 Presentatum
637 1316 644 1324 .
678 1316 686 1324 .
716 1317 724 1325 .
757 1317 765 1325 .
798 1287 908 1336 quod
946 1287 1124 1324 Thomas
1171 1288 1208 1325 16
1258 1288 1382 1325 Salter
1429 1287 1480 1324 de
1520 1285 1792 1333 Scardeburgh
1831 1291 1871 1322 et
1891 1310 1893 1313 .

278 1351 460 1400 Rogerus
482 1352 512 1388 F
515 1363 650 1388 arman
671 1351 722 1389 de
743 1351 882 1389 eadem
904 1352 1061 1390 fuerunt
1081 1351 1259 1390 consueti
1279 1352 1549 1390 malefactores
1580 1352 1631 1389 de
1651 1349 1870 1389 venacione

277 1421 317 1452 et
353 1422 629 1464 receptatores.
717 1414 797 1464 Qui
828 1423 1020 1454 venerunt
1049 1429 1182 1454 coram
1220 1415 1451 1465 Justiciariis
1491 1423 1529 1454 et
1569 1428 1610 1454 se
1640 1415 1869 1465 optulerunt

275 1479 500 1529 acquietare
543 1480 710 1530 quilibet
748 1494 817 1530 per
859 1481 1018 1531 triginta
1056 1488 1094 1520 et
1135 1495 1202 1519 sex
1245 1481 1437 1528 homines,
1470 1480 1563 1531 quia
1601 1494 1683 1519 non
1713 1481 1870 1518 fuerunt

275 1544 426 1583 inventi
445 1558 534 1583 eum
556 1559 798 1595 manuopere
819 1553 905 1592 ete„
929 1553 968 1584 et
997 1559 1232 1585 concessum
1265 1554 1323 1585 est
1357 1546 1413 1585 eis
1442 1547 1551 1596 quod
1581 1559 1622 1584 se
1643 1545 1870 1594 acquietent

277 1610 401 1647 modo
421 1609 612 1659 predicto.
671 1612 816 1649 Postea
834 1610 942 1649 venit
962 1612 1138 1649 Thomas
1168 1619 1205 1649 et
1234 1612 1352 1650 finem
1383 1611 1475 1650 fecit
1503 1624 1572 1660 pro
1601 1611 1615 1660 j
1648 1623 1780 1648 marca
1801 1622 1870 1659 per

278 1673 452 1723 plegium
481 1674 676 1724 Johannis
708 1677 833 1714 Salter
867 1683 905 1714 et
940 1675 1125 1714 Willelmi
1156 1676 1291 1723 Salter,
1321 1684 1359 1715 et
1393 1678 1572 1725 Rogerus
1603 1689 1673 1726 pro
1704 1674 1870 1714 dimidia

276 1751 408 1777 marca
428 1752 498 1788 per
518 1739 692 1789 plegium
714 1740 887 1778 Simonis
917 1741 1006 1779 Gell
1035 1741 1086 1779 de
1119 1741 1392 1789 Scardeburgh
1428 1748 1466 1779 et
1498 1739 1692 1789 Johannis
1714 1741 1868 1789 Upsete

276 1804 327 1842 de
359 1805 500 1842 eadem
533 1817 604 1853 pro
639 1812 885 1843 sacramento
919 1807 1144 1844 relaxando.
1215 1806 1315 1844 Ideo
1352 1805 1427 1855 ipsi
1466 1805 1588 1855 quieti
1622 1818 1693 1855 pro
1725 1804 1869 1843 finibus

275 1868 462 1917 predictis
485 1870 535 1908 de
555 1877 802 1908 sacramento
824 1877 862 1908 et
883 1870 1189 1919 transgressione
1209 1869 1406 1920 predictis.

326 2009 434 2059 John
456 2007 648 2045 Hamond
669 2008 714 2045 of
738 2007 1011 2056 Scarborough
1031 2008 1110 2045 and
1131 2008 1261 2046 others
1282 2020 1381 2046 were
1411 2008 1629 2046 confirmed
1658 2008 1862 2057 poachers.

274 2075 362 2112 The
392 2072 634 2110 first-named
667 2084 832 2121 appears
852 2072 932 2109 and
961 2072 1076 2110 offers
1097 2079 1138 2110 to
1172 2071 1306 2122 aequit
1335 2071 1495 2110 himself
1520 2073 1572 2121 by
1605 2072 1671 2110 the
1701 2073 1794 2110 oath
1825 2074 1870 2111 of

274 2136 465 2187 thirty-six
486 2149 590 2174 men.
649 2138 717 2175 He
750 2135 782 2174 is
803 2135 1014 2186 permitted
1035 2143 1076 2174 to
1097 2137 1150 2175 do
1185 2150 1239 2184 so,
1262 2137 1341 2175 and
1362 2137 1459 2175 does
1480 2135 1612 2186 acquit
1640 2136 1799 2176 himself
1824 2136 1866 2175 in

273 2203 352 2242 this
372 2215 547 2241 manner.

329 2268 436 2316 John
457 2267 507 2304 de
542 2266 769 2315 Lymburgh
790 2266 1013 2305 harboured
1046 2268 1178 2316 Roger
1207 2268 1258 2306 de
1290 2267 1610 2316 Comergeshead
1639 2267 1719 2305 and
1751 2267 1864 2305 other

274 2331 478 2381 poachers.
538 2331 605 2368 He
626 2343 788 2379 appears
822 2331 901 2368 and
928 2332 1043 2368 offers
1078 2338 1118 2369 to
1153 2331 1286 2380 aequit
1319 2330 1481 2369 himself
1509 2332 1559 2379 by
1594 2332 1661 2370 the
1695 2332 1788 2370 oath
1823 2332 1869 2369 of

276 2395 466 2446 thirty-six
487 2408 590 2441 men,
613 2396 691 2433 and
724 2394 756 2433 is
778 2395 988 2444 permitted
1009 2403 1050 2433 to
1079 2396 1132 2434 do
1153 2408 1207 2434 so.
1265 2396 1502 2434 Afterwards
1532 2396 1583 2433 he
1612 2397 1862 2445 compounds

278 2464 337 2500 for
356 2475 378 2499 a
397 2462 475 2499 fine
496 2461 540 2499 of
556 2459 644 2508 ‚⁷51-
702 2460 884 2506 Sureties,
903 2462 1041 2509 Henry
1061 2461 1111 2500 de
1132 2462 1290 2498 Ruston
1306 2461 1385 2498 and
1406 2460 1558 2498 Robert
1579 2461 1645 2498 Pa.

331 2527 508 2564 Thomas
528 2526 595 2563 the
616 2525 740 2563 Salter
760 2526 801 2563 of
821 2525 1095 2575 Scarborough
1115 2526 1195 2563 and
1211 2527 1344 2574 Roger
1364 2524 1585 2563 Foreman*
1606 2525 1651 2563 of
1665 2525 1732 2563 the
1753 2538 1862 2563 same

280 2591 392 2639 place
439 2602 504 2627 are
551 2589 769 2627 confirmed
800 2589 991 2637 poachers
1031 2590 1111 2627 and
1149 2590 1382 2627 harbourers
1422 2590 1467 2627 of
1488 2590 1692 2638 poachers.
1751 2591 1864 2639 They

279 2654 378 2692 both
407 2652 523 2691 claim
554 2654 622 2691 the
654 2654 767 2691 usual
814 2653 916 2703 right
963 2655 1043 2692 and
1073 2653 1174 2692 their
1222 2655 1357 2692 claims
1390 2667 1455 2692 are
1503 2654 1679 2692 allowed.
1737 2656 1865 2693 After-

280 2719 404 2757 wards
425 2719 517 2766 they
546 2718 788 2766 compound,
820 2718 996 2755 Thomas
1026 2719 1084 2756 for
1108 2725 1170 2767 13⁵
1190 2717 1258 2766 4²³3
1293 2718 1467 2765 sureties‚
1490 2719 1596 2767 John
1631 2719 1755 2757 Salter
1783 2720 1863 2757 and

280 2783 451 2821 William
471 2783 596 2821 Salter
615 2795 623 2828 3
661 2783 795 2831 Roger
814 2783 873 2820 for
893 2785 931 2820 6ς
952 2781 1018 2828 8d3
1052 2782 1225 2830 sureties‚
1249 2782 1385 2821 Simon
1400 2784 1489 2822 Gell
1509 2784 1588 2822 and
1601 2784 1708 2832 John
1723 2785 1863 2834 Upset,

282 2848 381 2886 both
407 2848 452 2885 of
475 2847 760 2895 Scarborough.

327 2943 346 2959 ἕ
371 2944 402 2975 It
417 2944 476 2975 has
491 2944 576 2975 been
592 2944 766 2985 suggested
784 2949 818 2976 to
834 2955 887 2976 me
902 2945 948 2985 by
970 2955 1025 2985 my
1041 2944 1146 2975 friend
1164 2945 1229 2975 Mr.
1249 2944 1397 2975 William
1415 2944 1535 2975 Brown
1551 2943 1623 2975 that
1651 2944 1814 2975 Foreman
1837 2943 1865 2975 is

279 2995 335 3026 the
363 2995 544 3027 Yorkshire
570 2995 756 3036 equivalent
787 2995 823 3027 of
850 2995 1043 3037 prepositus.
1092 2995 1139 3027 At
1155 2995 1231 3027 Vol.
1253 2995 1314 3034 IL,
1335 2995 1430 3034 N.S.,
1450 3006 1506 3037 pp.
1526 3001 1568 3035 47
1592 2995 1657 3026 and
1680 2994 1734 3034 48,
1752 3005 1801 3027 we
1818 2995 1862 3026 do

282 3046 350 3079 find
367 3046 421 3078 the
437 3057 534 3078 name
551 3048 673 3080 Reeve.
