2044 3491
709 245 944 280 coucHER
976 245 1121 280 Boox.
1657 253 1704 296 15

119 342 279 383 homine
292 344 343 383 de
357 345 519 383 Hartoft
532 343 741 383 dimidium
757 344 973 383 bussellum
985 344 1142 383 avene*
1155 344 1195 383 in
1210 357 1395 396 magnam
1411 347 1708 398 oppressionem

118 408 326 448 hominum
360 408 655 460 predictorum3
683 408 776 448 ideo
807 417 1040 459 preceptum
1074 417 1134 449 est
1164 410 1388 451 vicecomiti
1426 415 1536 463 quod
1573 414 1707 454 venire

118 474 235 513 faciat
255 487 346 512 eum
366 482 438 513 ete.
500 476 643 513 Postea
661 473 769 513 venit
789 481 827 514 et
847 476 968 513 finem
990 475 1082 514 fecit
1103 484 1219 526 prout
1238 477 1331 516 alibi
1352 485 1469 528 patet.

173 539 302 578 Iidem
332 538 449 588 jurati
468 546 696 589 presentant
727 540 837 589 quod
857 552 949 578 curn
977 541 1216 589 Johannes†
1235 543 1286 581 de
1308 544 1549 582 Monemuth
1568 543 1707 595 viginti

118 604 279 651 solidos,
320 617 443 642 unum
491 605 636 643 toftum
685 611 723 643 et
771 605 870 643 duas
909 606 1073 643 bovatas
1112 612 1213 645 terre
1251 620 1343 646 cum
1381 608 1633 658 pertinenciis
1665 609 1707 649 in

119 668 313 719 Pikeryng
328 669 484 715 habeat,
499 669 704 718 Johannes
720 670 814 708 Scot
835 668 992 719 triginta
1012 669 1162 709 solidos
1183 684 1252 721 per
1271 685 1420 711 annum
1437 680 1476 712 et
1488 674 1707 713 Willelrnus

119 734 336 773 Courtman
356 732 532 783 quinque
552 733 701 772 solidos
731 734 782 772 de
811 733 977 772 domino
1008 735 1181 774 habeant
1210 736 1369 776 essendi
1400 737 1590 776 forestarii
1611 738 1651 776 in
1671 740 1708 777 le

117 799 333 837 Westward
373 799 425 837 ad
468 798 644 848 custagia
678 798 842 846 domini,
879 807 1012 838 tamen
1048 800 1217 849 predicti
1246 803 1452 851 Johannes
1483 804 1533 842 de
1569 805 1709 843 Mone-

116 864 240 910 muth,
270 864 475 913 Johannes
504 870 543 901 et
564 863 783 902 Willelmus
814 873 1101 914 superonerant
1131 879 1271 905 omnes
1301 867 1485 907 homines
1517 870 1568 908 de
1599 868 1707 907 victu

117 941 189 967 suo
211 936 248 967 et
268 929 496 979 garcionum
517 942 677 967 suorum
708 929 782 968 sibi
811 931 1025 980 prestando
1049 932 1099 969 ad
1121 940 1406 971 nocumentum
1436 934 1560 983 patrie
1576 948 1586 982 3
1615 933 1707 973 ideo

115 1002 348 1045 preceptum
369 1002 428 1033 est
448 994 670 1033 vicecomiti
691 997 800 1045 quod
821 996 955 1035 venire
976 996 1093 1036 faciat
1123 1010 1191 1036 eos
1222 1004 1294 1036 etc.
1353 999 1499 1037 Postea
1517 1005 1708 1038 venerunt

117 1066 157 1098 et
176 1060 296 1097 finem
318 1060 494 1098 fecerunt
514 1067 630 1109 prout
650 1060 743 1098 alibi
763 1068 881 1110 patet.

172 1123 301 1162 Iidem
336 1123 455 1172 jurati
492 1131 720 1173 presentant
758 1126 869 1175 quod
918 1124 1114 1164 Ricardus
1154 1126 1316 1165 Cokard
1363 1126 1415 1164 de
1463 1127 1707 1176 Helmesley,

117 1189 320 1239 Johannes
341 1189 391 1227 de
413 1189 573 1238 Harlay,
596 1189 815 1229 Willelmus
836 1192 979 1230 Gower
996 1191 1219 1230 forestarius
1241 1193 1291 1230 de
1312 1193 1464 1242 Scalby,
1489 1193 1709 1242 Langedon

116 1262 155 1293 et
175 1254 415 1292 Foulewode
435 1255 567 1292 colore
587 1253 704 1292 officii
725 1255 784 1293 sui
805 1256 997 1305 colligunt
1025 1257 1164 1306 garbas
1194 1256 1235 1294 in
1265 1264 1484 1306 autumpno
1516 1264 1554 1295 et
1574 1258 1707 1295 lanam

117 1326 155 1358 et
175 1319 322 1357 habent
341 1317 544 1367 garciones
564 1319 616 1357 ad
636 1318 783 1357 victum
813 1321 948 1369 patrie,
972 1321 1040 1359 ubi
1070 1322 1200 1359 nullos
1230 1321 1376 1360 habere
1407 1323 1633 1361 debuerunt
1655 1323 1708 1361 ad

115 1389 402 1422 nocumentum
441 1390 480 1421 et
518 1383 737 1433 dampnum
776 1385 910 1434 patrie.
972 1386 1073 1424 Ideo
1113 1394 1345 1436 preceptum
1385 1393 1445 1425 est
1479 1386 1709 1425 vicecomiti

116 1449 226 1499 quod
264 1447 396 1486 venire
433 1448 550 1486 saciat
588 1461 657 1487 eos
696 1456 768 1488 ete.
846 1452 992 1489 Postea
1039 1458 1230 1489 venerunt
1277 1450 1445 1501 predicti
1492 1451 1705 1500 Ricardus,

114 1514 319 1564 Johannes
349 1520 388 1551 et
408 1513 626 1552 Willelmus
659 1521 698 1552 et
732 1515 908 1554 fecerunt
943 1516 1062 1554 finem
1097 1528 1168 1565 pro
1198 1528 1240 1554 se
1270 1529 1362 1554 cum
1393 1515 1558 1554 domino
1588 1523 1708 1567 prout

115 1586 222 1629 patet
242 1578 282 1616 in
302 1578 437 1617 rotulis
458 1579 509 1618 de
529 1578 720 1618 extractis.
780 1580 881 1618 Ideo
903 1579 1024 1618 nichil
1046 1579 1207 1618 ulterius
1228 1581 1279 1619 de
1299 1580 1365 1619 eis.

169 1643 298 1682 Iidem
353 1643 471 1693 jurati
518 1651 746 1694 presentant
792 1645 903 1694 quod
950 1646 1155 1694 Johannes
1203 1645 1254 1683 de
1301 1644 1494 1684 Shirburn
1541 1644 1707 1684 extraxit

116 1708 373 1748 maeremium
393 1710 601 1758 eujusdam
623 1709 767 1747 domus
788 1708 828 1747 in
850 1710 1058 1760 Pykeryng
1078 1722 1157 1760 que
1178 1716 1238 1748 est
1257 1708 1358 1748 infra
1377 1711 1563 1748 forestam
1584 1723 1710 1760 usque

116 1851 232 1888 every
261 1851 353 1876 man
386 1839 431 1877 of
470 1838 642 1884 Hartoft,
682 1838 831 1888 greatly
865 1838 1099 1889 oppressing
1129 1839 1196 1878 the
1227 1838 1380 1889 village.
1441 1841 1510 1878 He
1544 1838 1577 1878 is
1608 1852 1710 1878 sum-

115 1903 275 1950 moned,
297 1915 473 1952 appears,
496 1902 575 1940 and
596 1903 850 1951 eompounds
872 1916 914 1941 as
934 1916 1101 1953 appears
1123 1904 1345 1942 elsewhere.

170 1968 258 2006 The
289 1968 379 2017 jury
398 1968 481 2005 also
511 1973 668 2016 present
688 1967 772 2004 that
793 1968 966 2006 whereas
988 1969 1095 2017 John
1117 1968 1168 2006 de
1190 1968 1434 2006 Monmouth
1454 1968 1523 2006 has
1547 1975 1612 2005 20S
1633 1965 1667 2020 [?
1686 1981 1709 2006 a

116 2031 224 2085 year]
245 2046 267 2071 a
287 2033 360 2071 toft
380 2033 460 2071 and
480 2039 555 2070 two
577 2044 749 2082 oxgangs
779 2033 825 2070 of
848 2033 955 2078 land,
978 2031 1069 2070 with
1100 2033 1166 2071 the
1195 2040 1513 2082 appurtenances
1535 2032 1575 2070 in
1598 2033 1710 2071 Pick-

117 2097 236 2147 ering,
259 2099 366 2148 John
396 2099 490 2136 Scot
525 2104 589 2146 30S
623 2110 645 2135 a
678 2109 779 2145 year,
803 2097 882 2134 and
904 2096 1075 2134 William
1106 2097 1327 2135 Courtman
1359 2104 1397 2146 5³
1416 2104 1457 2136 at
1486 2098 1553 2136 the
1584 2098 1707 2135 Earl's

118 2175 287 2212 expense
318 2163 376 2199 for
404 2160 524 2210 being
557 2162 740 2198 foresters
774 2159 815 2197 in
843 2160 911 2198 the
931 2161 1041 2198 West
1061 2161 1195 2207 Ward,
1217 2167 1282 2209 yet
1311 2161 1404 2210 they
1425 2161 1636 2211 surcharge
1655 2162 1707 2199 all

116 2227 184 2265 the
204 2225 444 2263 inhabitants
465 2224 555 2263 with
584 2223 686 2263 their
714 2223 834 2274 living
862 2225 942 2263 and
972 2224 1057 2262 that
1092 2224 1138 2262 of
1161 2224 1263 2262 their
1295 2231 1482 2272 servants,
1506 2225 1709 2274 annoying

117 2291 184 2329 the
203 2297 377 2339 country.
435 2290 550 2339 They
569 2302 635 2328 are
655 2289 907 2336 summoned,
929 2301 1087 2339 appear,
1110 2289 1192 2327 and
1221 2290 1453 2339 eompound
1473 2302 1516 2328 as
1535 2302 1703 2340 appears

118 2355 340 2393 elsewhere.
451 2406 454 2408 v
1272 2356 1276 2359 ‘

172 2420 260 2457 The
279 2419 366 2468 jury
385 2419 468 2456 also
488 2424 647 2467 present
676 2417 761 2456 that
792 2417 968 2456 Richard
998 2417 1183 2457 Cockard
1212 2418 1259 2456 of
1287 2418 1505 2468 Helmsley,
1528 2419 1635 2468 John
1656 2419 1708 2458 de

120 2484 282 2533 Harlay,
304 2483 383 2521 and
403 2482 574 2521 William
609 2483 763 2529 Gower,
795 2483 958 2521 forester
995 2483 1041 2520 of
1064 2482 1218 2531 Scalby,
1251 2483 1467 2532 Langdale,
1490 2483 1570 2521 and
1605 2483 1709 2520 Full-

118 2549 246 2597 wood,
268 2549 394 2587 under
413 2549 550 2586 colour
570 2548 613 2586 of
639 2546 741 2586 their
760 2548 885 2594 office,
907 2548 1049 2585 collect
1070 2547 1234 2585 sheaves
1255 2545 1295 2584 in
1316 2554 1483 2585 autumn
1503 2548 1584 2585 and
1604 2547 1707 2585 wool

119 2613 199 2652 and
219 2613 321 2662 keep
340 2619 514 2650 servants
534 2624 587 2650 on
606 2612 733 2650 board
762 2611 803 2649 in
831 2612 900 2650 the
928 2619 1105 2662 country,
1129 2624 1170 2649 as
1202 2611 1293 2660 they
1314 2612 1437 2661 ought
1458 2618 1538 2660 not,
1561 2625 1708 2661 annoy-

119 2676 187 2727 ing
224 2678 302 2715 and
341 2675 510 2726 injuring
548 2677 614 2715 the
652 2683 828 2726 country.
885 2676 1000 2725 They
1034 2688 1100 2714 are
1138 2677 1388 2723 summoned,
1428 2689 1586 2726 appear,
1626 2677 1707 2715 and

121 2742 238 2780 make
258 2740 522 2791 composition
542 2754 584 2779 as
605 2754 769 2791 appears
789 2740 830 2779 in
850 2741 917 2780 the
947 2742 1104 2780 Estreat
1133 2741 1259 2779 Rolls.
1319 2742 1351 2779 F
1355 2741 1487 2779 urther
1515 2742 1705 2791 proceed-

121 2805 206 2856 ings
226 2818 291 2844 are
311 2807 448 2856 stayed
468 2805 618 2856 against
638 2806 759 2845 them.

174 2870 264 2908 The
289 2870 375 2919 jury
395 2871 478 2908 also
507 2876 664 2920 present
693 2870 778 2908 that
806 2869 914 2919 John
943 2869 995 2908 de
1025 2868 1217 2909 Shirburn
1238 2870 1346 2909 drew
1366 2870 1433 2909 the
1453 2869 1596 2908 timber
1616 2869 1661 2907 of
1683 2881 1707 2908 a

168 2967 184 2983 *
208 2967 264 2998 See
279 2967 396 2999 Foster
411 2970 493 3007 oats,
512 2966 589 3000 Vol.
609 2967 671 3007 ΙΙ.,
693 2967 793 3006 N.S.‚
813 2977 845 3009 p,
867 2973 897 3007 7.

165 3016 187 3052 Ἰ·
209 3018 264 3050 Sic
280 3017 314 3049 in
330 3018 526 3060 Exchequer
540 3018 606 3051 and
622 3018 789 3060 evidently
804 3018 930 3052 altered
945 3018 1028 3052 from
1045 3019 1192 3053 homines
1207 3018 1317 3053 which
1333 3028 1445 3052 occurs
1461 3018 1495 3052 in
1512 3018 1568 3052 the
1585 3018 1707 3060 Duehy

123 3069 284 3103 Coucher.
