2044 3491
272 227 330 268 44
641 226 814 259 DUCHY
846 225 906 257 OF
939 224 1229 257 LANCASTER
1262 225 1498 258 RECORDS.

383 325 447 363 De
494 324 569 363 hiis
617 325 686 375 qui
733 332 923 375 ceperunt
970 319 1125 374 lepores
1172 324 1211 363 in
1261 326 1406 363 foresta
1444 337 1539 362 cum
1583 322 1786 373 Ieporariis
1824 330 1864 362 et

490 397 743 440 portaverunt
763 404 875 429 arcus
897 398 934 429 et
955 390 1113 441 sagittas
1134 397 1270 428 contra
1290 389 1449 428 assisam
1472 389 1513 427 in
1534 390 1684 428 eadem.

330 472 562 510 Presentant
596 472 716 511 iidem
748 472 867 522 jurati
898 473 1008 522 quod
1043 472 1326 510 Marmeducus
1366 472 1416 510 de
1447 472 1625 517 Acclom,
1663 469 1861 509 Galfridus

276 536 391 573 frater
420 537 516 585 ejus,
539 537 775 587 Radulphus
795 538 994 586 Wacelyn,
1017 537 1235 574 Willelmus
1256 538 1304 574 W
1306 537 1399 585 yles,
1423 537 1552 575 Adam
1581 535 1682 574 filius
1704 536 1864 573 Thome

275 600 325 638 de
359 601 582 650 Kynthorp,
618 601 835 639 Willelmus
877 602 1034 639 Barban
1066 600 1197 651 garcio
1237 600 1420 639 Willelmi
1459 602 1509 639 de
1549 602 1703 647 Rosels,
1739 602 1861 649 Hugo

275 664 515 712 Prudhome,
537 665 756 704 Willelmus
786 667 836 705 de
867 667 999 713 Dales,
1031 667 1220 713 Thomas,
1243 665 1462 703 Willelmus
1493 673 1530 704 et
1560 667 1761 704 Robertus
1790 664 1860 702 filii

275 731 452 779 ejusdem
482 729 679 778 Willelmi,
712 731 886 770 Michael
920 731 970 769 de
1003 731 1157 778 Rosels,
1192 729 1411 769 Nicholaus
1442 730 1624 778 Pykstan,
1657 730 1860 779 Johannes

274 795 433 841 Morolf,
473 796 697 834 Alexander
736 797 873 845 Pyper,
917 795 1135 834 Nicholaus
1176 797 1371 844 Hastyng‚
1412 794 1611 833 Henricus
1647 795 1858 842 Chubbok,

272 860 404 897 Adam
439 859 584 909 Spicer,
615 859 751 898 Simon
785 860 876 908 Roi,
901 863 1038 899 Petrus
1070 862 1121 899 de
1156 861 1315 909 Maulay
1342 859 1486 909 junior,
1512 861 1634 909 Hugo
1670 861 1858 909 Sauvage,

271 924 490 962 Willelmus
511 926 562 963 de
588 925 929 975 ThornyngthayS‚
953 927 1155 975 Johannes
1176 926 1226 964 de
1248 926 1380 974 Egton
1401 925 1451 962 de
1475 925 1630 973 Danby,
1654 924 1859 973 Johannes

272 989 415 1038 Wyles,
456 988 652 1027 Ricardus
691 991 878 1039 Sauvage‚
911 991 1130 1029 Willelmus
1169 991 1219 1028 de
1253 989 1629 1038 Thornyngthways,
1665 990 1860 1027 walterus

271 1053 441 1100 Turnur,
490 1053 708 1092 Willelmus
755 1054 856 1092 filius
895 1055 1052 1093 Thome
1089 1054 1159 1092 filii
1197 1053 1398 1103 Stephani,
1438 1055 1640 1103 Johannes
1688 1053 1860 1092 serviens

272 1117 464 1168 Johannis
512 1119 563 1157 de
611 1119 854 1166 Bordesden,
902 1119 1139 1157 Edmundus
1178 1120 1228 1157 de
1266 1120 1416 1166 Waver,
1458 1119 1659 1168 Johannes
1696 1119 1858 1168 chhet,

272 1183 490 1221 Willelmus
519 1184 570 1222 de
598 1184 754 1222 Yeland
789 1183 931 1228 senior,
961 1184 1138 1222 Thomas
1169 1184 1221 1222 de
1248 1183 1399 1233 Wyvill,
1433 1185 1555 1233 Hugo
1583 1184 1633 1222 de
1664 1185 1859 1234 Hastyng,

271 1248 467 1287 Ricardus
516 1249 566 1287 de
614 1250 796 1298 Brocsay,
846 1249 1049 1298 Johannes
1097 1249 1148 1287 de
1199 1250 1365 1296 Humet,
1404 1249 1535 1287 Adam
1574 1249 1624 1287 de
1672 1249 1857 1298 Elredby‚

271 1313 492 1352 Willelmus
513 1314 711 1364 Foughler
730 1313 861 1364 garcio
883 1315 1073 1364 ejusdem,
1096 1314 1298 1363 Johannes
1321 1314 1408 1360 Clif,
1431 1315 1633 1363 Johannes
1654 1315 1704 1352 de
1725 1316 1858 1362 Seton,

270 1379 471 1418 Gilbertus
491 1379 542 1417 de
563 1380 742 1426 Camera‚
766 1378 998 1417 Ambrosius
1019 1379 1070 1417 de
1100 1379 1278 1426 Camera‚
1303 1381 1484 1429 Rogerus
1514 1386 1677 1418 venator
1706 1378 1860 1418 domini

270 1443 476 1482 Edmundi
514 1445 565 1482 de
614 1444 786 1493 Maulay,
836 1445 1015 1493 Rogerus
1063 1443 1114 1482 de
1165 1444 1378 1491 Harwode,
1428 1443 1646 1482 Willelmus
1697 1444 1858 1491 Ruffait,

271 1510 452 1558 Rogerus
474 1510 591 1558 Drye,
615 1511 751 1547 Petrus
772 1508 904 1558 garcio
925 1508 1077 1547 domini
1107 1507 1274 1546 Roberti
1304 1509 1354 1546 de
1375 1510 1552 1556 Acelum,
1576 1510 1779 1558 Johannes
1809 1510 1859 1548 de

268 1574 307 1611 la
328 1574 429 1612 Dale
449 1573 578 1624 garcio
598 1573 799 1612 Ambrosii
828 1574 878 1611 de
908 1573 1086 1620 Camera‚
1109 1571 1240 1622 garcio
1269 1573 1400 1611 uxoris
1431 1573 1625 1622 Johannis
1649 1574 1700 1612 de
1721 1575 1857 1622 Seton,

269 1638 508 1687 Radulphus
530 1637 631 1676 filius
661 1638 808 1688 Rogeri
838 1638 889 1676 de
919 1638 1160 1677 Cunsheved
1191 1635 1225 1688 [?
1246 1635 1502 1689 Conishead]‚
1526 1638 1729 1686 Johannes
1751 1639 1860 1678 Pale-

269 1701 460 1750 fridarius,
502 1703 700 1741 Robertus
739 1703 790 1740 de
828 1702 1008 1750 Acelum,
1048 1702 1250 1751 Johannes
1290 1700 1390 1739 filius
1429 1702 1625 1751 Johannis
1659 1704 1710 1742 de
1744 1705 1856 1751 Dale,

268 1767 472 1815 Johannes
518 1768 708 1815 Forester,
754 1765 950 1805 Ricardus
972 1818 975 1821 ‚
999 1768 1142 1816 Wyles,
1182 1766 1387 1815 Johannes
1422 1765 1560 1805 Carter
1604 1767 1655 1805 de
1700 1768 1861 1806 Scarde-

268 1831 405 1880 burgh,
455 1831 630 1869 Thomas
678 1837 716 1869 et
763 1831 966 1880 Johannes
1004 1830 1072 1869 filii
1110 1832 1268 1869 Thome
1306 1831 1442 1875 Saher,
1483 1831 1688 1880 Johannes
1727 1833 1857 1879 Cruel,

271 1895 510 1933 Edmundus
530 1895 631 1933 filius
662 1897 756 1945 ejus,
780 1896 997 1934 Willelmus
1028 1897 1079 1934 de
1110 1897 1297 1945 Overton‚
1320 1898 1394 1947 Jak
1428 1899 1549 1945 Hare,
1573 1897 1793 1936 Willelmus
1822 1899 1859 1937 16

272 1961 452 2007 Parcour,
467 1961 670 2010 Johannes
691 1960 791 1999 filius
814 1962 988 2010 Malkyn,
1011 1962 1215 2010 Johannes
1237 1962 1286 2000 de
1304 1964 1459 2012 Danby,
1476 1963 1678 2012 Johannes
1696 1964 1857 2011 Stalker‚

270 2024 489 2063 Willelmus
526 2025 628 2064 filius
667 2027 823 2064 Thome
862 2027 927 2064 del
976 2027 1204 2074 Hunthous,
1245 2027 1463 2065 Willelmus
1510 2026 1627 2069 filius?
1655 2027 1859 2076 Radulphi

271 2090 598 2138 Molendinarius,
647 2091 824 2129 Thomas
872 2091 989 2129 Sutor
1036 2091 1086 2128 de
1134 2091 1419 2141 Scardeburgh,
1469 2092 1660 2129 Walterus
1708 2093 1855 2140 Foune,

267 2156 483 2194 Ancelmus
504 2156 554 2194 de
576 2157 733 2205 Laycet,
755 2156 930 2194 Thomas
951 2156 1001 2194 de
1023 2155 1171 2203 Biston,
1194 2157 1395 2194 Robertus
1415 2157 1465 2194 de
1496 2157 1629 2206 Perey,
1653 2156 1856 2205 Johannes

268 2218 400 2268 garcio
429 2221 523 2268 ejus,
548 2219 741 2258 Ricardus
773 2221 824 2259 de
858 2221 989 2269 Sulby,
1013 2220 1230 2259 Willelmus
1267 2222 1298 2258 F
1302 2221 1450 2268 ossard,
1472 2221 1677 2270 Johannes
1699 2222 1749 2260 de
1771 2223 1858 2261 Cal-

269 2290 401 2330 veton,
440 2283 659 2322 Willelmus
698 2285 840 2331 Rome,
884 2284 1101 2322 Willelmus
1141 2286 1191 2323 de
1231 2286 1470 2332 Haverdale,
1509 2287 1715 2335 Johannes
1754 2286 1857 2325 filius

270 2346 457 2385 Willelmi
487 2348 538 2386 de
573 2348 863 2397 Maynhermer,
886 2348 1086 2386 Galfridus
1121 2349 1171 2387 de
1204 2350 1365 2396 Durem,
1391 2348 1589 2388 Henricus
1624 2350 1675 2388 de
1706 2350 1858 2389 Fisshe-

270 2411 382 2458 burn,
405 2412 544 2449 Petrus
564 2411 727 2450 clericus
748 2411 902 2450 domini
923 2412 1091 2451 Henrici
1111 2413 1162 2451 de
1184 2415 1318 2463 Percy,
1343 2413 1539 2452 Martinus
1570 2413 1856 2462 Palefridarius,

270 2475 447 2514 Thomas
485 2477 639 2522 Gnatel‚
674 2476 895 2515 Willelmus
933 2477 1035 2515 filius
1076 2476 1260 2516 Willelmi
1294 2478 1345 2516 de
1384 2479 1535 2525 Rosels,
1571 2479 1775 2528 Johannes
1806 2481 1857 2518 de

378 2631 512 2670 Those
532 2632 618 2670 who
639 2633 781 2682 caught
801 2633 913 2672 hares
935 2633 975 2671 in
996 2635 1063 2673 the
1083 2636 1202 2673 forest
1222 2635 1303 2673 and
1330 2635 1582 2684 greyhounds
1612 2636 1692 2673 and
1708 2635 1858 2675 carried

486 2696 594 2734 bows
613 2697 694 2735 and
714 2710 852 2736 arrows
874 2697 915 2735 in
935 2698 1236 2737 contravention
1257 2700 1300 2737 of
1315 2699 1382 2737 the
1402 2699 1525 2737 assize
1545 2700 1590 2737 of
1605 2699 1672 2738 the
1691 2700 1821 2738 forest.

324 2776 413 2815 The
431 2789 594 2826 persons
615 2779 760 2817 named
781 2791 880 2817 were
900 2777 940 2816 in
961 2779 1027 2817 the
1048 2779 1157 2817 habit
1178 2780 1224 2818 of
1252 2778 1435 2829 catching
1455 2780 1567 2818 hares
1587 2779 1628 2817 in
1648 2781 1715 2819 the
1735 2782 1856 2820 forest

269 2839 360 2879 with
381 2842 641 2891 greyhounds,
663 2841 704 2880 in
733 2843 1034 2881 contravention
1063 2844 1107 2881 of
1137 2844 1203 2882 the
1238 2843 1361 2883 assize
1395 2846 1440 2883 of
1472 2845 1539 2883 the
1572 2846 1691 2884 forest
1721 2852 1761 2884 to
1791 2847 1857 2885 the

270 2917 502 2954 annoyance
523 2906 567 2944 of
581 2906 648 2945 the
668 2907 773 2945 deer.
832 2907 945 2957 They
964 2920 1029 2946 are
1045 2909 1291 2947 summoned.
1352 2909 1470 2948 Some
1486 2922 1632 2960 appear
1647 2911 1723 2949 and
1741 2911 1856 2949 make

272 2968 534 3017 composition
556 2983 597 3008 as
614 2983 777 3020 appears
798 2970 837 3009 in
859 2972 925 3010 the
940 2978 1082 3010 estreat
1097 2973 1200 3020 rolls,
1218 2985 1327 3011 some
1344 2986 1408 3011 are
1424 2975 1619 3014 outlawed
1634 2987 1675 3012 as
1692 2987 1855 3024 appears

272 3030 313 3069 in
333 3032 399 3071 the
419 3034 511 3072 rolls
532 3035 576 3073 of
593 3034 659 3073 the
681 3035 953 3086 proceedings‚
976 3036 1055 3076 and
1076 3048 1185 3076 some
1205 3049 1269 3077 are
1290 3037 1402 3077 dead.
