2044 3491
200 212 280 266 136
560 220 735 253 DUCHY
766 220 828 253 or
860 218 1149 252 LANCASTER
1182 217 1417 251 REcoims.

201 321 311 371 quod
331 317 496 362 ministri
516 319 659 357 foreste
686 316 875 368 predicte,
899 329 922 355 a
955 323 1134 366 tempore
1164 328 1244 365 quo
1273 328 1356 354 non
1385 322 1491 355 extat
1519 314 1721 363 memoria,
1744 327 1787 354 se

202 385 498 425 intromiserunt
518 384 558 422 in
580 382 762 422 maneriis
782 381 969 432 predictis
989 389 1067 419 tam
1090 382 1140 419 de
1160 381 1325 430 regardo
1346 388 1385 419 et
1407 380 1607 430 leporibus
1639 380 1790 419 ibidem

203 451 339 502 captis,
361 464 481 501 quam
503 451 553 489 de
572 448 800 488 venacione.
861 448 961 486 Ideo
995 447 1128 497 quoad
1156 447 1234 484 hoc
1267 445 1560 484 consideratum
1594 452 1652 483 est
1681 437 1790 495 quod

204 516 312 555 idem
333 516 468 554 Abbas
501 514 623 553 nichil
643 512 772 563 capiat
791 525 862 562 per
881 511 1066 550 clamium
1101 524 1216 549 suum
1250 509 1292 548 in
1325 511 1400 548 hac
1433 517 1554 560 parte,
1579 516 1637 547 set
1671 509 1719 547 sit
1747 508 1790 546 in

206 580 476 620 misericordia
506 592 577 629 pro
611 579 710 616 falso
749 576 891 615 clamio
925 589 1008 614 suo.
1068 577 1119 613 Et
1150 575 1284 625 quoad
1317 574 1502 612 clamium
1533 587 1646 612 suum
1682 574 1792 623 quod

206 646 373 696 agistare
402 645 443 683 in
474 642 657 682 maneriis
688 641 875 693 predictis
909 642 1028 680 debet
1059 653 1130 690 pro
1163 641 1367 678 voluntate
1401 652 1480 687 sua,
1504 638 1643 677 dicunt
1671 638 1792 676 iidem

207 710 375 750 ministri
404 710 514 760 quod
544 710 681 746 Abbas
715 706 783 756 qui
816 719 924 744 nunc
957 713 1027 752 est,
1050 712 1088 743 et
1119 703 1295 742 similiter
1329 716 1468 742 omnes
1501 704 1680 741 Abbates
1713 702 1793 741 loci

206 775 384 826 predicti,
406 775 704 825 predecessores
723 771 890 822 predicti
910 770 1077 809 Abbatis
1111 770 1178 820 qui
1209 782 1316 807 nunc
1349 776 1419 816 est,
1442 781 1465 806 a
1493 775 1673 818 tempore
1701 781 1794 806 con-

207 839 397 879 feccionis
417 846 522 877 carte
542 837 718 888 predicte
738 844 777 875 et
796 836 938 874 virtute
959 836 1138 887 ejusdem
1161 834 1220 872 usi
1241 841 1331 872 sunt
1350 832 1516 883 agistare
1545 832 1585 870 in
1606 831 1791 870 maneriis

208 904 394 955 predictis
415 916 486 954 pro
505 904 708 941 voluntate
729 914 798 939 sua
812 909 929 951 prout
949 899 1127 950 superius
1148 901 1300 938 clamat.
1362 899 1463 937 Ideo
1497 897 1791 936 consideratum

208 977 266 1009 est
286 970 396 1020 quod
416 968 520 1007 idem
542 968 679 1006 Abbas
700 974 762 1005 eat
783 965 877 1004 inde
897 965 980 1004 sine
1001 964 1105 1012 diefiss
1136 965 1243 1002 salvo
1265 976 1419 1013 semper
1437 964 1523 1012 jure
1546 970 1619 1001 etc.

260 1036 397 1073 Abbas
417 1035 468 1072 de
489 1032 667 1071 Rievalle
683 1032 826 1069 clamat
847 1043 932 1069 esse
954 1028 1110 1079 quietus
1144 1028 1185 1066 in
1218 1027 1404 1066 maneriis
1434 1027 1511 1065 suis
1542 1028 1592 1066 de
1614 1028 1791 1076 Marreys

205 1098 419 1146 —scilicet‚
452 1099 727 1146 Lostmarreys,
765 1095 893 1143 Lund,
927 1094 1108 1135 Neusted
1143 1101 1182 1131 et
1212 1094 1476 1141 Kekmarreys
1506 1092 1557 1130 de
1589 1091 1789 1141 expedita-

207 1163 323 1202 cione
343 1176 497 1210 canum,
521 1169 560 1200 et
580 1162 630 1200 de
659 1159 845 1199 omnibus
875 1158 959 1197 aliis
990 1158 1120 1196 assisis
1155 1159 1308 1204 foreste,
1333 1164 1461 1207 preter
1481 1158 1532 1195 de
1560 1156 1792 1203 venacione,

205 1229 370 1279 regardo
391 1235 429 1267 et
449 1226 641 1277 capcione
661 1227 865 1275 leporum:
896 1231 934 1262 et
955 1223 1051 1262 dicit
1081 1223 1191 1273 quod
1225 1223 1330 1261 idem
1362 1221 1548 1261 dominus
1579 1221 1791 1268 Henricus,

205 1294 411 1344 quondam
433 1294 523 1330 Rex
556 1290 710 1341 Anglie,
733 1289 961 1340 progenitor
992 1287 1145 1327 domini
1179 1287 1301 1337 Regis
1330 1300 1448 1334 nune,
1472 1286 1584 1325 dedit
1619 1294 1658 1325 et
1688 1294 1794 1324 carta

206 1356 320 1411 [307]
342 1371 411 1396 sua
431 1355 677 1396 confirmavit
699 1357 788 1393 Deo
809 1362 848 1393 et
868 1355 1013 1393 Sancte
1034 1352 1162 1390 Marie
1183 1359 1221 1390 et
1243 1350 1422 1390 Ecclesie
1451 1364 1521 1389 sue
1542 1352 1593 1390 de
1615 1351 1795 1389 Rievalle

203 1431 242 1463 et
263 1422 470 1461 monachis
490 1421 639 1460 ibidem
662 1422 751 1458 Deo
772 1418 1031 1458 servientibus
1061 1431 1132 1467 pro
1166 1417 1297 1455 anima
1326 1415 1487 1466 gloriosi
1509 1416 1630 1465 Regis
1653 1415 1714 1453 avi
1734 1415 1794 1453 sui

207 1495 246 1527 et
274 1501 346 1538 pro
366 1486 498 1526 anima
517 1485 637 1536 patris
659 1484 719 1523 sui
749 1491 787 1522 et
817 1483 951 1522 matris
981 1496 1051 1522 sue
1080 1490 1119 1522 et
1148 1484 1308 1521 fratrum
1331 1495 1493 1520 suorum
1514 1488 1553 1520 et
1572 1480 1705 1519 anime
1727 1494 1798 1519 sue

205 1560 245 1592 et
264 1552 431 1591 filiorum
471 1563 632 1589 suorum
663 1549 705 1587 in
734 1549 898 1588 liberam
919 1561 1057 1599 puram
1080 1556 1118 1587 et
1138 1556 1369 1598 perpetuam
1385 1546 1641 1585 elemosinam
1665 1554 1795 1584 totum

203 1625 359 1656 vastum
377 1629 490 1655 suurn
512 1623 550 1654 et
570 1621 695 1653 totam
724 1621 925 1663 pasturam
955 1626 1066 1651 suam
1099 1613 1236 1650 subtus
1272 1612 1467 1662 Pikeryng
1487 1625 1578 1649 cum
1600 1611 1796 1661 pertinen-

204 1683 274 1722 ciis
295 1682 373 1721 suis
391 1696 401 1730 5
430 1681 470 1719 in
491 1694 572 1730 quo
593 1679 756 1730 quidem
777 1686 888 1717 vasto
919 1678 1093 1716 maneria
1127 1678 1303 1727 predicta
1323 1679 1446 1716 modo
1468 1677 1609 1716 situata
1629 1684 1731 1724 sunt,
1754 1676 1795 1714 in

202 1748 323 1799 pratis
345 1754 383 1786 et
402 1746 582 1797 pasturis,
605 1752 678 1792 etc,
711 1752 749 1783 et
782 1743 823 1782 in
857 1743 1042 1782 omnibus
1072 1743 1157 1781 aliis
1188 1744 1304 1781 rebus
1339 1755 1409 1792 per
1443 1750 1568 1780 certas
1601 1749 1728 1780 metas
1749 1741 1790 1778 in

203 1811 343 1850 eadem
365 1815 471 1847 carta
491 1814 712 1854 contentas,
735 1807 811 1844 hec
844 1805 1064 1855 optinenda
1093 1805 1133 1843 in
1166 1805 1331 1843 liberam
1363 1804 1620 1843 elemosinam
1656 1811 1731 1851 etc,
1753 1810 1793 1842 et

203 1940 383 1979 meddles
403 1938 494 1976 with
514 1938 581 1975 the
616 1949 785 1983 manors,
809 1937 888 1974 and
916 1935 1088 1974 likewise
1119 1936 1204 1974 that
1238 1936 1288 1973 he
1319 1948 1408 1984 may
1427 1934 1526 1984 agist
1555 1942 1594 1972 at
1614 1935 1794 1984 pleasure

205 2005 246 2043 in
274 2005 342 2042 the
372 2015 527 2041 manors
556 2001 690 2039 within
725 2001 793 2039 the
826 2008 954 2039 waste.
1031 2002 1096 2038 An
1129 1999 1282 2050 inquiry
1313 1999 1344 2037 is
1378 1999 1566 2046 directed,
1597 1999 1677 2037 and
1706 1998 1736 2036 it
1764 1998 1796 2036 is

204 2070 330 2108 found
351 2069 435 2107 that
455 2068 522 2105 the
542 2067 693 2105 Officers
715 2066 757 2103 of
776 2064 983 2115 Pickering
1005 2067 1155 2112 Forest,
1174 2066 1273 2103 from
1294 2064 1388 2103 time
1408 2063 1678 2110 immemorial,
1696 2064 1797 2102 have

204 2132 496 2172 intermeddled
515 2131 607 2169 with
629 2131 696 2169 the
717 2143 886 2176 manors,
903 2143 944 2168 as
964 2131 1049 2168 well
1069 2129 1110 2168 in
1129 2129 1295 2180 holding
1315 2143 1338 2167 a
1357 2130 1497 2179 regard
1516 2130 1596 2167 and
1617 2135 1795 2178 prevent-

203 2197 271 2247 ing
291 2198 358 2236 the
377 2195 512 2245 taking
534 2197 580 2233 of
595 2196 709 2233 hares
729 2208 771 2233 as
791 2194 882 2232 with
902 2202 1056 2244 respect
1089 2202 1131 2233 to
1160 2207 1284 2244 game.
1341 2194 1558 2232 Therefore
1585 2194 1796 2243 judgment

204 2262 237 2301 is
258 2261 373 2312 given
401 2262 486 2299 that
515 2261 583 2299 the
616 2261 755 2298 Abbot
783 2258 849 2297 fail
878 2259 919 2297 in
948 2259 1025 2298 this
1056 2259 1184 2297 claim.
1243 2259 1332 2297 The
1349 2259 1438 2307 jury
1456 2258 1605 2296 further
1624 2270 1691 2306 say
1710 2258 1796 2295 that

205 2328 273 2366 the
292 2332 450 2376 present
470 2325 606 2362 Abbot
634 2323 714 2362 and
744 2322 804 2361 his
833 2323 1119 2372 predecessors,
1152 2325 1251 2361 from
1284 2323 1352 2361 the
1386 2323 1477 2360 date
1510 2323 1555 2360 of
1583 2322 1650 2360 the
1670 2328 1793 2372 grant,

205 2392 307 2430 have
326 2391 427 2429 been
449 2388 706 2428 accustomed
726 2394 768 2426 to
789 2387 887 2437 agist
916 2394 955 2425 at
983 2388 1164 2437 pleasure
1183 2386 1224 2425 in
1245 2388 1312 2426 the
1333 2399 1502 2433 mauors,
1524 2399 1566 2424 as
1587 2387 1638 2425 he
1658 2385 1795 2424 claims

209 2458 349 2496 above.
406 2455 623 2493 Therefore
643 2452 720 2491 this
741 2451 858 2490 claim
880 2452 911 2490 is
931 2452 1107 2490 allowed.

261 2522 351 2560 The
380 2520 517 2558 Abbot
537 2520 581 2557 of
609 2517 807 2556 Rievaulx
840 2515 975 2554 claims
1013 2524 1054 2555 to
1093 2517 1145 2555 be
1179 2516 1263 2566 quit
1297 2515 1337 2553 in
1370 2515 1430 2554 his
1465 2528 1624 2553 manors
1655 2516 1699 2553 of
1728 2515 1796 2553 the

208 2585 416 2631 Marishes,
460 2583 627 2632 namely,
678 2582 770 2620 Loft
817 2580 1023 2628 Marishes,
1074 2581 1203 2628 Lund,
1253 2580 1476 2627 Newstead‚
1525 2580 1605 2618 and
1650 2579 1796 2618 Kekke

208 2650 416 2695 Marishes,
439 2649 483 2687 of
498 2649 564 2685 the
585 2645 725 2695 lawing
745 2646 789 2683 of
815 2646 925 2694 dogs,
955 2645 1036 2683 and
1057 2646 1102 2682 of
1129 2645 1180 2682 all
1212 2645 1326 2682 other
1354 2643 1494 2682 assises
1515 2645 1560 2682 of
1575 2644 1642 2682 the
1662 2645 1794 2691 forest,

207 2722 347 2764 except
367 2715 482 2752 those
501 2711 667 2760 relating
702 2717 743 2748 to
772 2723 898 2760 game,
930 2710 1100 2759 regards,
1141 2710 1221 2747 and
1258 2708 1544 2758 hare-hunting.
1607 2710 1674 2747 He
1709 2721 1795 2758 says

201 2781 286 2819 that
307 2781 447 2828 Henry
468 2779 523 2815 II.
546 2776 771 2826 grantedto
791 2775 859 2813 the
879 2775 1020 2813 monks
1051 2775 1096 2812 of
1123 2773 1315 2812 Rievaulx
1343 2773 1383 2811 in
1414 2773 1700 2823 frankalmoign
1721 2775 1788 2811 the

206 2846 332 2884 whole
351 2850 469 2882 waste
489 2843 570 2880 and
590 2847 746 2891 pasture
768 2840 894 2878 below
914 2838 1121 2889 Pickering
1149 2839 1189 2877 in
1209 2838 1335 2877 which
1357 2839 1424 2877 the
1444 2850 1602 2876 manors
1622 2850 1688 2876 are
1708 2850 1795 2876 now
1864 2862 1868 2865 ⁴

207 2909 388 2955 situated,
427 2908 507 2946 free
545 2907 591 2944 of
625 2904 848 2950 te'mentale,
886 2904 1093 2953 danegeld,
1134 2904 1213 2942 and
1250 2904 1302 2941 all
1340 2902 1437 2950 aids‚
1478 2901 1631 2950 assises,
1670 2903 1794 2951 gelds,

252 3007 268 3022 *
293 3006 367 3036 The
383 3005 501 3035 Patent
519 3003 613 3034 Rolls
627 3003 712 3034 have
727 3002 817 3043 here,
835 3001 917 3032 illud
944 3000 1098 3033 clamium
1125 3000 1244 3033 habeat
1270 3006 1303 3033 et
1327 3001 1471 3043 gaudeat
1497 2999 1560 3032 sibi
1587 3003 1620 3031 et
1647 3009 1790 3031 success-

206 3057 317 3089 oribus
333 3056 398 3088 suis
413 3056 625 3096 impertuum.
