2044 3491
325 220 376 263 52
688 220 860 252 DUCHY
893 220 953 251 OF
987 219 1279 252 LANCASTER
1312 218 1546 251 RECORDS.

380 319 482 356 Item
505 324 730 368 presentant
751 318 859 368 quod
880 318 960 356 duo
981 316 1072 367 equi
1101 315 1222 366 precii
1242 323 1279 353 xS
1299 315 1367 366 qui
1387 316 1540 354 fuerunt
1560 313 1746 353 Willelmi
1764 315 1908 364 Jurour

325 383 393 433 qui
414 383 511 422 obiit
539 383 688 422 inventi
717 384 873 421 fuerunt
902 382 1050 421 ibidem
1080 394 1148 431 per
1175 381 1342 419 wardam
1374 381 1517 418 factam
1544 378 1627 418 sine
1647 378 1907 429 agistamento

325 447 392 498 qui
421 448 585 487 domino
614 455 705 486 sunt
734 446 931 494 forisfacti,
954 448 1061 485 unde
1091 445 1286 483 Ricardus
1314 447 1458 495 Jurour
1486 444 1587 483 filius
1617 446 1701 494 ejus
1731 450 1769 482 et
1795 444 1908 482 heres

324 520 465 552 tenens
515 521 703 552 terrarum
759 520 798 552 et
853 519 1172 551 tenementorum
1219 523 1297 559 que
1354 511 1511 548 fuerunt
1556 509 1678 558 ipsius
1725 507 1910 546 Willelmi

325 577 593 628 respondebit.

381 644 483 681 Item
501 634 738 692 presentant
767 643 876 692 quod
906 643 987 681 duo
1019 640 1111 690 equi
1144 638 1265 690 precii
1297 646 1336 676 xS
1367 637 1436 688 qui
1465 638 1621 677 fuerunt
1642 636 1854 688 Ingelrami
1874 637 1911 676 le

324 707 487 746 forester
506 707 573 757 qui
593 707 689 746 obiit
709 706 858 745 inventi
879 709 1036 744 suerunt
1056 705 1205 743 ibidem
1226 716 1295 753 per
1315 703 1484 741 wardam
1505 703 1648 740 factam
1670 702 1755 739 sine
1774 701 1911 751 agista-

325 779 460 810 mento
481 772 548 822 qui
577 771 740 810 domino
770 779 861 809 sunt
881 770 1078 818 forisfacti,
1101 771 1209 808 unde
1231 776 1411 807 tenentes
1441 775 1629 806 terrarum
1651 774 1690 806 et
1710 773 1911 805 tenemen-

325 843 454 874 torum
497 849 575 885 que
621 837 777 874 fuerunt
824 835 989 886 predicti
1037 835 1201 874 Ricardi
1249 835 1299 873 de
1347 834 1514 872 Shelton
1560 845 1688 882 nuper
1734 831 1911 870 custodis

323 902 630 949 respondebunt.

380 966 480 1003 Item
501 972 726 1014 presentant
747 966 855 1015 quod
886 973 962 1004 tres
991 965 1100 1015 porci
1134 964 1256 1015 precii
1275 965 1332 1014 ij
1361 963 1430 1014 qui
1458 965 1617 1002 fuerunt
1637 961 1824 1001 Nicholai
1844 962 1911 1001 filii

325 1028 485 1067 Ricardi
515 1029 582 1079 qui
612 1029 707 1068 obiit
737 1030 886 1069 inventi
917 1032 1076 1070 fuerunt
1109 1030 1150 1069 in
1184 1043 1303 1080 parco
1333 1031 1384 1068 de
1415 1029 1620 1079 Blandeby
1650 1041 1719 1078 per
1738 1029 1910 1067 wardam

321 1095 463 1132 factam
495 1093 578 1132 sine
611 1094 872 1144 agistamento
907 1095 974 1146 qui
1006 1095 1172 1135 domino
1207 1103 1298 1134 sunt
1329 1094 1527 1142 forisfacti,
1565 1095 1673 1132 unde
1704 1094 1909 1143 Johannes

320 1159 420 1197 filius
451 1159 610 1198 Walteri
644 1167 782 1198 tenens
815 1167 1005 1198 terrarum
1040 1168 1079 1199 et
1117 1166 1434 1199 tenementorum
1474 1172 1552 1209 que
1591 1160 1748 1197 fuerunt
1786 1157 1908 1208 ipsius

323 1223 507 1263 Nicholai
528 1223 792 1274 respondebit.

376 1289 477 1327 Item
507 1297 733 1338 presentant
761 1290 869 1339 quod
899 1296 975 1328 tres
1005 1289 1114 1340 porci
1145 1289 1265 1339 precii
1294 1291 1348 1340 ij
1378 1290 1446 1340 qui
1481 1291 1637 1328 fuerunt
1666 1289 1823 1328 Thome
1857 1289 1909 1328 de

321 1352 477 1391 Collom
500 1352 568 1402 qui
588 1352 685 1391 obiit
706 1352 854 1391 inventi
875 1355 1031 1392 suerunt
1060 1354 1209 1393 ibidem
1238 1368 1308 1404 per
1327 1355 1497 1393 wardam
1527 1356 1671 1392 factam
1700 1354 1785 1392 sine
1814 1353 1911 1404 agis-

319 1424 496 1455 tamento
528 1416 597 1467 qui
640 1417 804 1456 domino
838 1426 929 1457 sunt
970 1418 1166 1466 forisfacti,
1202 1420 1308 1458 unde
1353 1421 1557 1469 Johannes
1589 1420 1640 1458 de
1679 1420 1828 1457 Dalton
1871 1425 1910 1457 et

319 1482 522 1530 Johannes
544 1483 594 1520 de
616 1483 772 1521 Malton
801 1491 982 1523 tenentes
1012 1492 1200 1523 terrarum
1229 1493 1267 1524 et
1297 1492 1613 1524 tenementorum
1642 1497 1721 1534 que
1751 1485 1909 1522 fuerunt

318 1545 441 1596 ipsius
462 1547 619 1585 Thorne
639 1549 947 1598 respondebunt.

374 1609 514 1663 [271b]
546 1613 647 1651 Item
677 1622 905 1662 presentant
936 1615 1045 1663 quod
1080 1627 1148 1652 sex
1178 1615 1307 1653 averia
1335 1615 1457 1665 precii
1485 1614 1695 1665 cujuslibet
1724 1613 1795 1663 iiijS
1828 1626 1906 1664 que

318 1676 477 1714 fuerunt
506 1677 665 1715 Walteri
686 1677 752 1715 filii
774 1678 897 1716 Lucie
918 1678 985 1728 qui
1015 1678 1113 1717 obiit
1132 1679 1292 1717 inventa
1312 1680 1469 1717 fuerunt
1498 1679 1538 1717 in
1560 1680 1806 1730 Aleyntostes
1836 1691 1906 1729 per

319 1741 488 1779 wardam
531 1742 672 1779 factam
708 1742 791 1780 sine
822 1742 1093 1791 agistamento‚
1128 1744 1235 1782 unde
1268 1745 1493 1782 Alexander
1526 1745 1576 1783 de
1607 1745 1737 1794 Bergh
1765 1751 1906 1782 tenens

318 1812 506 1844 terrarum
529 1813 566 1844 et
587 1814 904 1845 tenementorum
926 1820 1003 1857 que
1023 1808 1179 1846 fuerunt
1199 1807 1320 1857 ipsius
1343 1807 1502 1846 Walteri
1523 1808 1790 1858 respondebit.

373 1871 476 1908 Item
497 1878 723 1920 presentant
752 1873 862 1921 quod
892 1879 1044 1921 septem
1080 1872 1262 1911 bidentes
1292 1872 1413 1921 precii
1443 1873 1651 1922 cujuslibet
1671 1871 1745 1923 xijd
1766 1881 1803 1912 et
1825 1874 1906 1912 duo

316 1933 446 1972 averia
479 1934 600 1984 precii
620 1935 701 1985 viijS
721 1936 789 1985 qui
821 1937 977 1975 fuerunt
1010 1937 1158 1986 Rogeri
1190 1938 1241 1975 de
1279 1938 1504 1976 Harewode
1534 1938 1602 1987 qui
1631 1938 1729 1976 obiit
1757 1938 1907 1977 inventi

317 2000 472 2037 fuerunt
505 1998 546 2037 in
580 2001 827 2050 Aleyntostes
871 2014 938 2050 per
971 2002 1143 2039 war-dam
1177 2002 1321 2040 factam
1363 2001 1447 2041 sine
1485 2002 1757 2053 agistamento‚
1798 2005 1907 2043 unde

317 2064 453 2102 Abbas
475 2065 524 2103 de
545 2066 593 2101 W
597 2064 730 2114 hiteby
749 2066 1016 2115 respondebit.

372 2130 472 2167 Item
503 2137 730 2178 presentant
750 2131 859 2179 quod
888 2144 912 2167 x
941 2131 1122 2169 bidentes
1153 2131 1272 2181 precii
1302 2132 1514 2182 cujuslibet
1542 2132 1616 2182 xijd
1646 2132 1713 2183 qui
1747 2135 1906 2172 fuerunt

317 2194 406 2232 Ade
427 2195 462 2232 le
483 2193 675 2233 Stirkhird
696 2195 844 2234 inventi
865 2197 1022 2234 fuerunt
1043 2195 1192 2235 ibidem
1213 2210 1282 2246 per
1302 2199 1472 2236 wardan]
1494 2200 1648 2247 factam,
1672 2200 1779 2238 unde
1799 2199 1906 2238 idem

318 2258 448 2296 Adam
469 2258 735 2307 respondebit.

319 2383 488 2421 William
511 2386 653 2434 Jurour
672 2386 749 2436 (for
779 2386 855 2425 this
887 2387 1063 2427 Richard
1097 2391 1251 2439 Jurour,
1273 2391 1332 2429 his
1367 2405 1439 2430 son
1468 2394 1548 2431 and
1577 2393 1672 2441 heir,
1695 2393 1727 2432 is
1748 2406 1906 2444 respon-

319 2448 444 2497 sible),
481 2456 556 2487 two
595 2450 730 2489 horses
764 2452 886 2490 worth
926 2460 997 2501 10⁵,
1034 2454 1100 2493 the
1134 2464 1318 2506 property
1351 2457 1397 2495 of
1432 2458 1499 2496 the
1534 2458 1611 2496 late
1646 2459 1804 2509 Ingram
1838 2460 1906 2499 the

319 2514 491 2552 forester.
549 2515 679 2553 There
712 2528 812 2555 were
845 2517 929 2555 also
959 2518 1084 2557 found
1118 2521 1227 2559 there
1256 2521 1365 2560 three
1399 2522 1483 2571 pigs
1505 2524 1626 2561 worth
1647 2525 1696 2571 6⁵,
1719 2525 1786 2563 the
1820 2538 1906 2575 pro-

318 2584 428 2627 perty
450 2578 494 2615 of
519 2578 719 2627 Nicholas,
741 2580 808 2619 the
837 2594 910 2619 son
940 2582 986 2619 of
1010 2582 1195 2631 Richard,
1217 2586 1276 2622 for
1296 2585 1421 2623 which
1451 2587 1510 2625 his
1540 2600 1753 2636 successor,
1784 2590 1903 2639 John,

320 2642 388 2679 the
422 2654 494 2679 son
516 2644 560 2680 of
583 2643 739 2691 Walter,
762 2643 794 2682 is
814 2645 1058 2694 responsible
1075 2661 1086 2695 3
1115 2649 1224 2686 three
1244 2648 1328 2699 pigs
1349 2652 1470 2689 worth
1493 2653 1542 2699 6⁵,
1565 2653 1633 2691 the
1662 2661 1845 2703 property
1865 2655 1911 2693 of

319 2707 495 2744 Thomas
516 2707 566 2745 de
587 2708 754 2755 Collom,
777 2709 835 2746 for
854 2709 980 2747 which
1001 2710 1060 2749 his
1081 2724 1312 2760 successors,
1334 2715 1442 2762 John
1462 2716 1513 2754 de
1534 2717 1681 2755 Dalton
1701 2718 1781 2756 and
1797 2719 1904 2767 John

321 2772 373 2809 de
406 2772 572 2818 Malton,
604 2785 669 2810 are
701 2773 945 2822 responsible
962 2789 973 2822 3
1001 2774 1041 2812 in
1075 2777 1286 2815 Allantofts
1317 2778 1374 2816 six
1406 2781 1524 2819 cattle
1552 2782 1675 2819 worth
1695 2789 1735 2829 4⁵
1754 2782 1901 2832 apiece‚

320 2836 388 2874 the
408 2844 590 2885 property
611 2838 654 2874 of
670 2839 825 2884 Walter,
848 2839 914 2877 the
934 2852 1005 2877 son
1026 2840 1070 2878 of
1094 2842 1213 2890 Lucy,
1236 2842 1295 2880 for
1313 2842 1439 2881 which
1461 2846 1684 2884 Alexander
1703 2847 1754 2885 de
1774 2847 1904 2897 Bergh

321 2900 353 2938 is
387 2901 659 2950 responsible3
688 2915 806 2941 seven
835 2904 956 2953 sheep
992 2905 1112 2942 worth
1138 2913 1173 2943 1⁵
1192 2906 1327 2955 apiece
1356 2909 1435 2947 and
1465 2916 1540 2948 two
1569 2912 1686 2949 cattle
1707 2912 1829 2949 worth
1851 2914 1899 2960 8⁵,

322 2965 389 3003 the
423 2973 604 3015 property
624 2968 669 3005 of
692 2968 757 3006 the
778 2969 855 3006 late
895 2970 1028 3018 Roger
1059 2970 1109 3008 de
1142 2971 1355 3019 Harwood,
1378 2974 1437 3011 sor
1457 2973 1581 3012 which
1611 2976 1677 3013 the
1697 2976 1833 3014 Abbot
1863 2977 1909 3014 of

321 3029 481 3079 Whitby
514 3029 545 3068 is
580 3031 851 3080 responsible3
893 3040 961 3072 ten
993 3035 1113 3083 sheep
1149 3036 1271 3074 worth
1308 3043 1342 3074 1⁵
1375 3037 1522 3087 apiece,
1555 3040 1621 3078 the
1648 3047 1830 3090 property
1862 3041 1908 3078 of
