2044 3491
260 215 346 247 200
922 213 1191 245 APPENDIX.

318 315 461 352 Postea
480 311 520 350 in
537 311 656 351 Curia
676 311 827 352 domini
845 310 966 362 Regis
987 324 1119 350 coram
1140 311 1227 361 ipso
1248 312 1360 361 Rege
1381 310 1432 349 ad
1453 317 1599 350 sectam
1616 309 1782 350 Roberti
1802 309 1854 350 de

260 378 507 427 Scardeburg
527 384 565 416 et
584 378 741 416 Thome
760 379 904 428 Whyte
925 378 1092 416 duorum
1114 375 1341 415 tenencium
1363 382 1401 414 et
1421 375 1740 414 comunariorum
1763 375 1854 414 ville

262 444 314 482 de
353 442 548 481 Ebreston
587 441 687 481 infra
716 443 903 481 forestam
946 441 1165 491 predictam
1209 439 1411 479 existentis
1439 439 1702 478 asserencium
1740 440 1854 478 liber-

262 514 363 546 tates
396 506 436 544 in
469 507 543 544 hac
581 514 690 556 parte
711 520 781 556 per
808 508 980 556 prefatos
1001 506 1224 544 Robertum
1244 504 1368 542 filium
1391 504 1577 542 Willelmi
1599 512 1637 543 et
1657 505 1855 542 Thomam

264 572 449 610 Thurnef
472 570 512 609 in
535 572 678 610 eodem
707 571 845 610 itinere
866 572 1052 609 clamatas
1073 577 1112 609 et
1140 569 1289 609 ibidem
1319 568 1468 608 eisdem
1490 570 1674 607 allocatas
1696 571 1778 607 fore
1806 569 1858 607 ad

265 635 619 677 exheredacionem
660 637 883 674 eorundum
917 634 1084 674 Roberti
1113 636 1163 673 de
1193 634 1439 684 Scardeburg
1470 640 1509 672 et
1530 635 1687 672 Thome
1716 634 1858 683 Whyte

265 715 313 741 ac
341 700 507 739 aliorum
542 700 771 739 tenencium
804 708 841 739 et
880 699 1200 738 comunariorum
1231 699 1409 748 ejusdem
1439 698 1530 737 ville
1560 699 1611 737 de
1641 700 1853 744 Ebreston,

264 772 496 816 preceptum
518 764 588 803 fuit
607 764 830 803 vicecomiti
852 763 1094 804 Eboracensi
1110 764 1220 814 quod
1241 776 1310 812 per
1327 763 1471 812 probos
1493 770 1555 801 etc
1590 762 1688 801 scire
1708 764 1855 801 faceret

267 829 426 881 prefatis
447 830 626 868 Roberto
647 830 726 868 filio
747 829 932 869 Willelmi
953 837 991 868 et
1011 831 1210 868 Thomam
1241 828 1426 866 Thurnef
1440 828 1552 877 quod
1572 834 1704 866 essent
1725 841 1858 866 coram

269 895 434 935 domino
457 897 569 944 Rege
602 895 653 933 ad
673 895 779 932 hunc
799 894 905 933 diem
927 894 1075 933 scilicet
1104 907 1126 932 a
1155 893 1220 932 die
1241 892 1375 932 Sancti
1398 892 1607 931 Michaelis
1628 892 1668 930 in
1701 905 1751 930 xv
1771 891 1858 930 dies

268 960 512 1011 ubicumque
533 967 595 999 etc
614 959 665 997 ad
686 960 978 998 ostendendum
1009 958 1041 996 si
1070 958 1166 1008 quid
1196 971 1267 1008 pro
1297 971 1338 996 se
1368 959 1559 996 haberent
1585 965 1647 996 etc
1668 970 1789 1007 quare
1810 957 1861 995 ad

269 1025 587 1064 adnullacionem
608 1023 748 1062 clamei
769 1031 807 1062 et
822 1023 1074 1061 allocacionis
1090 1023 1357 1073 predictorum
1374 1023 1589 1072 procedere
1606 1035 1686 1061 non
1704 1023 1861 1069 debeat,

271 1091 303 1129 si
324 1098 395 1138 ete,
419 1097 457 1129 et
478 1089 638 1128 ulterius
659 1096 730 1127 etc.
790 1090 842 1127 Et
870 1089 993 1127 modo
1022 1101 1154 1127 coram
1184 1087 1349 1126 domino
1379 1090 1491 1137 Rege
1512 1087 1675 1126 veniunt
1695 1086 1864 1137 predicti

272 1157 472 1194 Robertus
494 1156 544 1194 de
565 1146 848 1203 Scardeburgh
869 1160 908 1192 et
942 1154 1119 1191 Thomas
1152 1153 1292 1201 Whyte
1324 1152 1363 1190 in
1385 1152 1549 1202 propriis
1571 1153 1749 1202 personis
1770 1151 1861 1200 suis,

273 1229 312 1260 et
332 1220 556 1259 vicecomes
587 1217 799 1257 retornavit
820 1217 930 1267 quod
958 1216 1057 1255 scire
1077 1216 1170 1255 fecit
1195 1217 1355 1267 prefatis
1377 1218 1555 1256 Roberto
1578 1217 1658 1256 filio
1680 1216 1865 1256 Willelmi

272 1287 441 1335 Wyerne
461 1291 500 1323 et
520 1284 677 1322 Thome
698 1283 879 1331 Thurnyf
903 1282 1013 1331 quod
1034 1288 1164 1319 essent
1186 1294 1318 1319 coram
1348 1283 1461 1331 Rege
1490 1283 1541 1320 ad
1563 1283 1755 1332 prefatum
1795 1289 1867 1321 ter-

273 1350 426 1388 minum
446 1350 497 1388 ad
518 1348 744 1387 faciendum
780 1348 889 1397 quod
924 1348 1042 1385 breve
1077 1345 1198 1396 Regis
1232 1346 1393 1397 requirit
1428 1354 1502 1394 etc,
1536 1360 1604 1397 per
1638 1348 1864 1397 Johannem

273 1414 397 1453 filium
437 1412 604 1453 Galfridi
642 1420 680 1451 et
717 1413 943 1462 Johannem
990 1412 1157 1454 Gotson.
1198 1411 1266 1460 qui
1304 1410 1468 1461 quidem
1518 1413 1716 1450 Robertus
1763 1411 1867 1450 filius

272 1478 459 1518 Willelmi
480 1485 518 1517 et
537 1478 716 1516 Thomas
737 1477 919 1526 Thurnyf
948 1488 1018 1525 per
1049 1474 1388 1524 premunicionem
1418 1475 1525 1513 illam
1546 1489 1678 1514 coram
1701 1476 1867 1514 domino

274 1546 386 1594 Rege
407 1544 457 1582 ad
478 1543 585 1582 diem
607 1543 714 1580 illum
734 1541 898 1580 veniunt
918 1553 988 1590 per
1009 1540 1226 1577 Ricardum
1261 1540 1313 1579 de
1343 1541 1604 1590 Kesceburgh
1625 1548 1867 1579 attornatum

275 1621 401 1647 suum.
461 1610 512 1647 Et
533 1606 698 1657 predicti
734 1608 934 1644 Robertus
963 1606 1014 1643 de
1043 1605 1291 1653 Scardeburg
1320 1610 1359 1642 et
1388 1605 1564 1642 Thomas
1594 1606 1712 1653 Whyt
1732 1604 1869 1642 dicunt

275 1673 385 1723 quod
423 1672 575 1711 clamea
613 1671 788 1721 ipsorum
829 1669 995 1708 Roberti
1033 1668 1101 1706 filii
1141 1667 1327 1706 Willelmi
1361 1675 1400 1706 et
1434 1670 1591 1707 Thome
1621 1669 1806 1718 Thurnyf
1829 1668 1870 1706 in

274 1735 413 1775 itinere
451 1736 630 1786 predicto
668 1748 737 1785 per
765 1734 872 1785 ipsos
907 1734 1128 1773 Robertum
1176 1732 1302 1770 filium
1350 1732 1536 1771 Willelmi
1584 1740 1623 1771 et
1670 1734 1870 1771 Thomam

274 1802 457 1850 Thurnyf
495 1802 597 1840 facta
640 1807 678 1839 et
708 1799 763 1838 eis
804 1800 972 1838 allocata
1015 1798 1179 1836 omnino
1222 1798 1379 1836 fuerunt
1419 1793 1462 1835 in
1509 1798 1864 1836 exheredacionem

275 1865 428 1905 domini
467 1865 586 1915 Regis
624 1872 663 1904 et
712 1863 880 1903 Henrici
923 1863 1077 1902 comitis
1125 1862 1353 1901 Lancastrie
1392 1862 1543 1900 domini
1591 1864 1642 1901 de
1673 1863 1868 1912 Pikeryng

276 1997 488 2033 Treasurer
508 1994 587 2032 and
617 1991 900 2032 Chamberlain
921 1999 962 2029 to
983 1991 1137 2041 inspect
1158 1992 1224 2030 the
1246 1993 1365 2029 forest
1396 1993 1487 2030 rolls
1509 1993 1554 2029 of
1577 1993 1644 2030 the
1666 1991 1874 2041 Pickering

278 2062 381 2110 Eyre
401 2059 527 2098 which
548 2071 613 2097 are
635 2057 721 2096 said
743 2065 783 2095 to
804 2058 854 2096 be
874 2056 914 2094 in
936 2057 1002 2094 the
1036 2055 1258 2105 Treasury*
1287 2057 1415 2094 under
1448 2056 1549 2095 their
1582 2069 1682 2103 care,
1705 2064 1746 2094 to
1776 2057 1875 2095 send

278 2125 363 2163 into
385 2125 592 2173 Chancery
612 2136 634 2161 a
654 2123 793 2161 record
814 2123 858 2160 of
873 2122 940 2160 the
961 2120 1097 2159 claims
1128 2121 1179 2170 by
1209 2122 1361 2160 Robert
1391 2123 1559 2171 Wyerne
1589 2122 1669 2160 and
1699 2122 1875 2160 Thomas

280 2190 471 2228 Thurnef.

335 2254 570 2292 Afterwards
592 2266 613 2291 a
633 2252 715 2290 writ
744 2253 790 2290 of
812 2253 904 2289 scire
912 2251 1044 2300 facias
1064 2264 1140 2289 was
1162 2250 1339 2290 directed
1369 2258 1410 2290 to
1431 2253 1585 2290 Robert
1606 2253 1775 2300 Wyerne
1795 2251 1876 2289 and

281 2320 459 2358 Thomas
492 2318 682 2365 Thurnef,
718 2316 861 2366 stating
895 2317 963 2354 the
993 2317 1126 2365 object
1159 2317 1318 2365 already
1351 2315 1583 2354 mentioned
1625 2317 1670 2353 of
1699 2316 1766 2353 the
1799 2314 1877 2353 suit

281 2384 333 2433 by
355 2383 507 2421 Robert
527 2383 577 2421 de
598 2382 871 2431 Scarborough
891 2382 970 2419 and
991 2381 1167 2418 Thomas
1188 2380 1329 2427 White,
1353 2381 1433 2418 and
1468 2381 1552 2418 that
1587 2382 1678 2430 they
1707 2393 1807 2418 were
1835 2387 1877 2418 to

283 2461 429 2498 appear
448 2447 487 2485 in
509 2447 575 2485 the
597 2446 858 2484 Michaelmas
878 2446 998 2483 Term
1019 2452 1060 2483 to
1081 2445 1188 2482 show
1208 2457 1326 2483 cause
1347 2444 1498 2494 against
1527 2445 1594 2483 the
1625 2443 1876 2494 application.

283 2516 338 2551 At
359 2511 434 2550 this
455 2513 575 2550 Term
598 2512 749 2549 Robert
771 2511 821 2549 de
841 2510 1115 2559 Scarborough
1135 2510 1216 2548 and
1244 2510 1420 2547 Thomas
1450 2507 1582 2547 White
1611 2509 1809 2557 appeared
1839 2507 1879 2545 in

285 2588 440 2627 person,
458 2576 538 2614 and
554 2576 621 2613 the
637 2573 782 2613 Sheriff
796 2575 982 2613 returned
1003 2573 1087 2612 that
1107 2573 1157 2622 by
1179 2572 1238 2611 his
1253 2573 1387 2612 orders
1408 2573 1515 2622 John
1536 2585 1609 2611 son
1630 2574 1674 2610 of
1691 2572 1877 2621 Geoffrey

285 2642 366 2680 and
386 2641 494 2690 John
529 2640 697 2679 Godson
729 2638 808 2677 had
842 2638 980 2676 served
1013 2638 1080 2676 the
1110 2637 1242 2676 notice
1273 2645 1314 2675 to
1346 2638 1455 2676 show
1488 2650 1605 2675 cause
1638 2649 1690 2675 on
1723 2636 1877 2675 Robert

286 2706 455 2756 Wyerne
475 2705 554 2743 and
575 2706 752 2742 Thomas
773 2703 961 2750 Thurnef,
985 2702 1070 2740 who
1091 2703 1290 2752 appeared
1311 2702 1360 2752 by
1381 2701 1483 2740 their
1500 2708 1682 2750 attorney
1703 2699 1878 2739 Richard

288 2771 339 2809 de
362 2769 587 2818 Kesburgh.

341 2835 496 2872 Robert
516 2835 566 2872 de
582 2832 857 2881 Scarborough
878 2831 958 2869 and
978 2831 1155 2868 Thomas
1177 2829 1308 2868 White
1329 2842 1396 2879 say
1416 2830 1499 2867 that
1519 2829 1586 2867 the
1606 2827 1742 2867 claims
1764 2829 1881 2867 made

287 2898 340 2947 by
378 2899 459 2937 and
498 2898 664 2936 allowed
703 2904 744 2935 to
785 2896 939 2934 Robert
976 2897 1145 2944 Wyerne
1184 2895 1265 2933 and
1303 2895 1481 2933 Thomas
1520 2896 1704 2933 Thurnef
1735 2894 1775 2932 in
1814 2894 1881 2932 the

290 2962 497 3012 Pickering
519 2964 619 3013 Eyre
640 2975 738 3001 were
758 2961 977 3011 altogether
1008 2959 1047 2998 in
1080 2959 1282 3010 prejudice
1313 2960 1357 2998 of
1386 2960 1453 2998 the
1474 2959 1595 3010 rights
1616 2961 1661 2998 of
1686 2959 1752 2998 the
1773 2957 1882 3008 King

776 3038 859 3071 This
876 3037 985 3069 marks
1003 3036 1058 3069 the
1075 3037 1209 3079 locality
1225 3036 1262 3068 os
1275 3036 1330 3069 the
1346 3036 1435 3068 rolls.
