2044 3491
218 242 299 282 140
580 239 753 272 DUCHY
784 238 846 271 OF
878 239 1168 272 LANCASTER
1201 240 1437 274 RECORDS.

211 339 480 389 regardatores
499 339 551 378 ad
571 340 648 377 hoc
666 338 786 389 jurati
806 345 845 378 et
874 337 1026 377 onerati
1055 338 1194 377 dicunt
1228 351 1344 388 super
1373 344 1661 377 sacramentum
1687 351 1802 376 suum

213 405 322 454 quod
354 405 490 442 Abbas
521 403 590 453 qui
619 417 727 442 nunc
756 411 815 442 est
845 411 883 442 et
917 402 1095 442 similiter
1128 416 1266 441 omnes
1300 403 1478 441 Abbates
1516 403 1593 442 loci
1624 403 1801 454 predicti,

211 469 509 519 predecessores
529 469 599 516 sui,
623 482 645 506 a
665 476 843 518 tempore
864 481 943 518 quo
965 481 1046 506 non
1068 475 1171 506 extat
1192 468 1383 506 memoria
1404 467 1542 518 piscati
1572 470 1729 507 fuerunt
1758 468 1798 506 in

211 546 316 583 aqua
336 533 512 583 predicta
532 534 583 572 de
604 534 726 572 Costa
746 546 814 583 per
847 532 990 571 divisas
1011 532 1218 582 predictas,
1241 540 1283 571 ut
1304 533 1343 570 in
1364 533 1567 571 communi
1588 547 1660 572 suo
1691 533 1802 583 perti-

212 598 325 637 nenti
356 599 407 637 ad
445 598 612 637 liberum
645 605 918 647 tenementum
957 611 1070 635 suum
1103 610 1180 647 que
1211 605 1270 636 est
1304 605 1404 636 terra
1442 598 1576 637 hidata
1614 597 1728 651 [308]
1763 599 1804 637 in

212 664 477 712 Lostmarreys
516 670 554 701 et
593 664 808 710 Neustede,
832 669 949 712 prout
978 662 1086 701 idem
1125 662 1260 700 Abbas
1299 663 1497 712 supponit.
1557 665 1658 702 Ideo
1695 663 1803 703 idern

211 729 349 767 Abbas
371 735 434 766 eat
454 727 547 767 inde
568 727 652 766 sine
674 727 739 766 die
759 728 868 765 salvo
889 739 1045 776 semper
1063 728 1152 776 jure
1173 734 1245 765 etc.

266 793 399 831 Adam
421 793 472 831 de
508 792 718 842 Bryniston
740 791 904 830 clericus
926 792 1069 830 clamat
1104 804 1190 830 esse
1220 790 1376 840 quietus
1406 793 1456 831 de
1490 793 1687 843 pannagio
1717 807 1804 843 por-

214 871 351 896 corum
387 870 548 896 suorum
587 857 628 895 in
664 858 880 895 Foulwode
914 864 952 895 et
989 856 1173 894 Haiburn
1206 855 1306 895 infra
1340 856 1483 896 limites
1514 859 1659 897 foreste
1694 858 1803 896 omni

211 930 392 973 tempore
412 922 516 970 anni,
542 929 579 961 et
600 922 695 961 dicit
716 923 825 972 quod
846 921 931 971 ipse
951 928 990 960 et
1019 934 1157 960 omnes
1188 929 1461 967 antecessores
1482 923 1542 961 sui
1571 937 1594 961 a
1623 931 1803 973 tempore

213 1002 296 1039 quo
315 1002 398 1027 non
418 996 522 1027 extat
544 988 733 1027 memoria
752 987 911 1026 racione
940 994 1128 1026 terrarum
1159 994 1198 1025 et
1231 994 1546 1026 tenementorum
1577 1001 1655 1038 que
1684 989 1804 1026 habet

213 1054 255 1093 in
285 1054 376 1093 villa
408 1056 459 1093 de
493 1054 716 1103 Brinyston‚
749 1066 827 1103 que
861 1060 951 1091 sunt
983 1054 1159 1091 francum
1193 1053 1369 1098 feodum,
1398 1052 1530 1102 quiete
1563 1054 1719 1091 fuerunt
1753 1054 1804 1091 de

213 1118 410 1169 pannagio
432 1125 474 1157 ut
493 1117 714 1168 pertinente
734 1119 785 1156 ad
805 1116 972 1155 liberum
992 1124 1264 1155 tenementum
1286 1129 1399 1154 suum
1421 1117 1650 1166 predictum,
1667 1125 1706 1156 et
1726 1119 1804 1156 hoc

212 1190 370 1233 paratus
393 1190 451 1222 est
471 1182 668 1222 verificare
700 1195 769 1232 per
797 1181 997 1220 ministros
1031 1182 1208 1231 ejusdem
1239 1182 1392 1220 foreste.
1453 1183 1552 1220 Ideo
1585 1182 1802 1232 inquiratur

210 1247 308 1287 inde
327 1247 468 1287 veritas
489 1261 559 1298 per
578 1248 752 1287 eosdem.
813 1246 894 1296 Qui
914 1246 1062 1285 scilicet
1082 1245 1282 1294 forestarii,
1299 1245 1469 1284 viridarii
1482 1254 1520 1285 et
1535 1248 1803 1297 regardatores

212 1313 264 1352 ad
285 1313 362 1351 hoc
379 1312 498 1362 jurati
532 1320 570 1351 et
599 1311 750 1351 onerati
781 1312 919 1351 dicunt
948 1324 1064 1361 super
1095 1319 1385 1349 sacramentum
1415 1324 1528 1349 suum
1559 1313 1668 1361 quod
1697 1311 1803 1350 idem

212 1379 344 1417 Adam
365 1385 404 1416 et
434 1390 574 1416 omnes
607 1385 874 1416 antecessores
904 1376 963 1414 sui
996 1389 1019 1414 a
1051 1383 1228 1426 tempore
1257 1389 1337 1425 quo
1367 1389 1448 1415 non
1478 1384 1581 1415 extat
1614 1377 1805 1415 memoria

211 1442 370 1481 racione
390 1450 577 1481 terrarum
598 1449 637 1480 et
657 1448 974 1480 tenementorum
1003 1454 1161 1479 suorum
1196 1441 1463 1491 predictorum
1496 1443 1650 1481 fuerunt
1680 1442 1805 1492 quieti

213 1508 264 1546 de
284 1506 494 1557 pannagio,
517 1506 665 1545 scilicet
686 1519 755 1557 per
780 1505 1008 1556 quindecim
1029 1505 1112 1544 dies
1134 1513 1225 1544 ante
1253 1507 1395 1544 festum
1428 1506 1563 1545 Sancti
1592 1507 1800 1545 Michaelis

211 1570 414 1610 annuatim
435 1584 561 1621 usque
595 1572 737 1610 festum
772 1570 906 1610 Sancti
928 1569 1090 1608 Martini
1119 1569 1159 1607 in
1189 1571 1330 1620 hyeme
1364 1578 1552 1621 tanquam
1581 1570 1803 1621 pertinente

212 1637 264 1675 ad
293 1643 414 1675 terras
449 1643 488 1675 et
519 1643 744 1675 tenementa
777 1649 848 1674 sua
880 1634 1081 1686 predicta;
1110 1642 1168 1673 set
1204 1635 1340 1674 dicunt
1367 1637 1475 1685 quod
1509 1648 1583 1674 nec
1616 1635 1700 1685 ipse
1731 1649 1805 1674 nec

212 1701 353 1752 aliquis
383 1709 676 1740 antecessorum
709 1714 882 1747 suorum,
904 1713 979 1739 nec
1012 1699 1133 1750 aliqui
1163 1707 1342 1739 tenentes
1377 1702 1556 1750 ejusdem
1591 1701 1692 1749 ville,
1723 1701 1805 1740 sive

213 1768 372 1805 fuerunt
392 1767 443 1805 de
476 1768 612 1805 franco
646 1767 765 1804 feodo
787 1765 868 1804 sive
903 1766 954 1804 de
992 1764 1162 1814 socagi0‚
1196 1778 1373 1815 unquam
1409 1767 1567 1804 fuerunt
1600 1765 1723 1815 quieti
1752 1767 1804 1805 de

212 1830 411 1881 pannagio
433 1844 569 1870 mense
589 1831 765 1869 defenso.
825 1831 927 1869 Ideo
948 1829 1241 1868 consideratum
1263 1838 1321 1869 est
1341 1832 1450 1880 quod
1479 1829 1563 1880 ipse
1592 1832 1722 1869 Adam
1753 1832 1804 1870 de

212 1895 410 1946 pannagio
439 1909 650 1946 porcorum
694 1909 854 1934 suorum
883 1908 952 1945 per
980 1894 1210 1945 quindecim
1250 1894 1334 1934 dies
1363 1903 1454 1934 ante
1497 1897 1640 1933 festum
1670 1895 1804 1934 Sancti

212 1961 422 2000 Michaelis
444 1969 482 2000 et
503 1961 558 2000 sic
579 1974 705 2011 usque
727 1962 870 2000 festum
891 1960 1025 1999 Sancti
1049 1959 1211 1998 Martini
1241 1959 1290 1998 sit
1319 1959 1487 2009 quietus,
1511 1960 1618 1998 salvo
1648 1973 1804 2010 semper

210 2026 297 2075 jure
317 2032 390 2064 ete.
410 2039 421 2074 3
450 2032 489 2064 et
509 2026 644 2075 quoad
664 2024 867 2064 residuum
889 2024 1022 2063 clamii
1042 2025 1101 2063 sui
1132 2024 1253 2062 nichil
1273 2024 1401 2074 capiat
1435 2024 1475 2062 in
1505 2025 1579 2062 hac
1607 2032 1716 2074 parte
1746 2033 1805 2064 set

213 2089 263 2128 sit
283 2089 323 2128 in
345 2090 613 2129 misericordia
632 2103 703 2140 pro
725 2091 823 2128 falso
848 2089 993 2128 clamio
1014 2103 1086 2128 suo
1107 2097 1179 2128 ete.

214 2231 335 2268 prove
355 2219 439 2256 that
459 2218 510 2256 he
530 2218 610 2256 and
630 2219 848 2258 alltformer
867 2218 1022 2256 Abbots
1043 2217 1142 2256 have
1162 2219 1263 2255 from
1284 2216 1378 2255 time
1398 2216 1658 2256 immemorial
1679 2219 1805 2257 fished

213 2281 255 2320 in
276 2283 343 2321 the
364 2289 505 2321 stream
529 2283 706 2321 between
727 2283 794 2321 the
814 2281 1051 2321 boundaries
1067 2281 1298 2319 mentioned
1310 2294 1352 2319 as
1365 2294 1388 2319 a
1403 2294 1590 2320 common
1606 2284 1652 2320 of
1666 2283 1809 2332 fishery

213 2354 478 2396 appurtenant
507 2353 548 2385 to
569 2346 629 2385 his
659 2348 841 2397 geldable
869 2347 964 2385 land
992 2347 1037 2385 of
1062 2345 1338 2384 Kekkemarsh
1358 2346 1438 2383 and
1459 2347 1683 2385 Newstead.
1739 2349 1805 2385 An

214 2410 371 2461 inquiry
386 2410 418 2449 is
433 2410 622 2458 directed,
640 2412 719 2450 and
735 2411 809 2449 itis
825 2412 952 2450 found
967 2419 1008 2450 to
1024 2411 1125 2449 have
1139 2412 1240 2449 been
1256 2423 1310 2448 so.
1352 2411 1440 2449 The
1453 2410 1567 2448 claim
1580 2410 1611 2449 is
1628 2413 1803 2451 allowed.

216 2516 219 2519 Α
266 2476 397 2514 Adam
419 2476 469 2514 de
490 2474 703 2513 Burniston
737 2475 872 2514 claims
907 2483 947 2514 to
981 2477 1031 2514 be
1065 2475 1150 2525 quit
1183 2476 1228 2514 of
1260 2487 1440 2525 pannage
1474 2476 1533 2513 for
1561 2476 1620 2514 his
1649 2476 1734 2526 pigs
1763 2476 1803 2515 in

212 2540 417 2578 Fullwood
437 2539 517 2578 and
539 2540 733 2589 Hayburn
754 2539 887 2578 within
907 2541 975 2579 the
1004 2542 1133 2579 forest.
1207 2541 1276 2579 He
1304 2538 1336 2577 is
1365 2541 1484 2589 ready
1504 2546 1545 2579 to
1564 2554 1686 2590 prove
1707 2542 1801 2589 that,

213 2604 254 2642 in
272 2604 397 2642 virtue
419 2606 463 2641 of
477 2604 537 2642 his
558 2605 670 2643 lands
692 2605 738 2641 of
763 2605 874 2642 frank
894 2605 956 2643 fee
976 2612 1114 2643 tenure
1143 2603 1269 2642 which
1298 2604 1349 2642 he
1378 2604 1494 2642 holds
1514 2604 1555 2642 in
1576 2605 1806 2653 Burnist0n‚

214 2667 266 2705 he
287 2666 367 2704 and
387 2665 447 2703 his
468 2673 670 2704 ancestors
699 2667 799 2703 from
829 2665 925 2704 time
953 2665 1213 2704 immemorial
1248 2666 1347 2706 have
1377 2668 1478 2707 been
1512 2681 1556 2707 so
1588 2669 1681 2720 quit.
1742 2672 1807 2709 An

212 2730 368 2780 inquiry
388 2729 419 2767 is
441 2729 630 2776 directed,
653 2730 733 2767 and
761 2729 791 2768 it
821 2729 854 2768 is
890 2730 1015 2768 found
1045 2731 1130 2767 that
1150 2731 1281 2769 Adam
1302 2733 1381 2771 and
1401 2732 1462 2771 his
1482 2742 1682 2773 ancestors
1702 2735 1802 2774 have

211 2796 315 2834 been
335 2794 420 2845 quit
441 2795 486 2832 of
509 2807 691 2844 pannage
719 2795 820 2832 from
851 2794 918 2832 the
957 2794 1050 2841 14th
1081 2795 1128 2832 of
1154 2796 1387 2845 September
1416 2811 1469 2847 up
1492 2805 1531 2837 to
1554 2799 1798 2838 Martinmas.

213 2860 292 2897 But
312 2859 378 2897 the
398 2859 493 2907 Jury
522 2870 588 2907 say
622 2858 706 2896 that
739 2858 892 2896 neither
920 2858 971 2896 he
1004 2871 1076 2896 nor
1109 2871 1185 2908 any
1219 2861 1264 2897 of
1288 2860 1348 2898 his
1382 2869 1595 2909 ancestors‚
1618 2876 1691 2901 nor
1725 2876 1802 2913 any

212 2929 369 2961 tenants
403 2923 449 2960 of
479 2922 547 2960 the
578 2921 783 2971 township,
817 2922 989 2960 whether
1019 2924 1064 2961 of
1089 2924 1202 2961 frank
1239 2925 1299 2964 fee
1329 2938 1373 2963 or
1403 2927 1449 2964 of
1472 2939 1615 2977 socage
1649 2934 1800 2975 tenure,

211 2987 312 3025 have
332 2999 423 3025 ever
451 2988 553 3025 been
585 2986 668 3036 quit
699 2988 744 3025 of
772 2999 952 3036 pannage
984 2985 1026 3024 in
1060 2987 1127 3026 the
1163 2988 1276 3028 fence
1311 2991 1461 3030 month.
1521 2992 1737 3042 Judgment
1772 2991 1804 3030 is

210 3049 326 3100 given
346 3049 385 3088 in
406 3052 651 3090 accordance
673 3050 763 3090 with
787 3051 855 3090 the
875 3051 1036 3091 verdict.
