2044 3491
709 244 879 277 couAM
915 243 1043 276 REGE
1075 243 1241 275 ROLLS.
1695 245 1774 287 199

179 340 330 382 eisdem
351 342 579 393 Justiciariis
600 341 777 380 clamatis
798 349 836 380 et
858 341 1003 379 ibidem
1025 339 1201 379 allocatis
1223 352 1300 389 que
1321 352 1454 377 coram
1475 339 1589 378 nobis
1609 339 1649 377 in
1671 341 1770 379 Can-

179 408 335 446 cellaria
356 417 488 446 nostra
508 406 622 446 certis
643 408 693 445 de
714 405 840 444 causis
861 405 992 444 venire
1013 404 1189 450 fecimus,
1223 403 1335 442 vobis
1358 403 1556 454 mittimus·
1572 406 1645 442 sub
1667 406 1770 454 pede

179 472 292 522 sigilli
313 472 444 519 nostri,
478 473 711 510 mandantes
751 478 793 508 ut
828 471 900 508 hiis
934 470 1121 519 inspectis
1156 467 1317 506 ulterius
1352 468 1403 505 ad
1441 469 1768 516 prosecucionem

178 539 346 578 Roberti
366 540 416 578 de
436 538 707 587 Scardeburgh
729 543 766 575 et
795 537 950 573 Thome
970 535 1113 583 Whyte
1142 534 1311 571 duorum
1333 532 1558 570 tenencium
1579 541 1618 570 et
1638 546 1770 571 comu-

179 604 377 642 nariorum
394 604 484 642 ville
504 604 555 641 de
577 602 761 640 Ebriston
784 601 883 638 infra
903 601 1086 637 forestam
1104 598 1319 647 predictam
1336 596 1538 635 existentis
1554 605 1597 636 ut
1613 598 1767 645 dicitur,

177 668 441 707 asserencium
489 667 686 706 libertates
724 679 792 715 per
840 665 1011 714 prefatos
1060 665 1280 702 Robertum
1329 661 1453 699 filium
1494 663 1681 701 Willelmi
1730 671 1769 703 et

177 733 376 770 Thomam
397 733 579 770 Thurnef
596 731 635 768 in
656 731 798 769 eodem
827 729 965 768 itinere
986 729 1173 766 clamatas
1194 735 1232 766 et
1253 726 1403 765 ibidem
1424 728 1612 766 allocatas
1633 728 1684 765 ad
1707 741 1768 766 ex-

177 796 481 835 heredacionem
516 797 732 834 eorundem
768 793 935 832 Roberti
969 795 1020 832 de
1054 792 1329 842 Scardeburgh
1362 799 1401 830 et
1436 793 1594 830 Thome
1628 793 1770 842 Whyte

176 876 223 901 ac
251 862 416 901 alioruin
445 862 673 901 tenencium
703 869 741 900 et
769 859 1086 899 comunariorum
1125 859 1306 907 ejusdem
1345 856 1435 895 ville
1477 857 1654 903 existere,
1697 871 1768 906 pro

176 927 451 966 adnullacione
485 926 626 965 clamei
654 934 692 965 et
725 924 980 964 allocacionis
1012 923 1279 973 predictorum
1309 921 1391 960 fieri
1413 921 1564 959 faciatis
1587 923 1696 972 quod
1718 923 1770 960 de

175 993 262 1041 jure
283 1000 320 1030 et
341 993 561 1030 secundum
581 993 709 1041 legem
741 998 779 1029 et
811 988 1140 1027 consuetudinem
1174 987 1284 1037 regni
1320 985 1443 1025 nostri
1477 986 1620 1036 Anglie
1656 987 1771 1025 suerit

178 1056 416 1095 faciendum.
475 1058 595 1095 Teste
617 1057 807 1094 Leonello
828 1055 906 1093 filio
928 1062 1062 1092 nostro
1092 1052 1293 1091 carissimo
1314 1052 1480 1090 custode
1500 1051 1642 1101 Anglie
1663 1052 1770 1101 apud

180 1121 350 1170 Redyng
370 1121 491 1159 tercio
512 1121 576 1160 die
596 1121 689 1171 Julii
710 1133 814 1159 anno
835 1119 943 1169 regni
973 1117 1096 1157 nostri
1116 1117 1260 1167 Anglie
1290 1116 1479 1155 vicesimo
1501 1116 1638 1166 primo,
1660 1115 1771 1166 regni

180 1198 273 1223 vero
295 1186 416 1224 nostri
438 1186 602 1224 Francie
624 1194 775 1224 octavo.

235 1252 360 1288 Breve
380 1250 572 1288 directum
604 1249 865 1288 Thesaurario
897 1257 935 1287 et
956 1247 1190 1288 Camerariis
1225 1247 1402 1297 sequitur
1430 1246 1471 1284 in
1492 1247 1566 1285 hec
1586 1246 1772 1285 verba.-

183 1315 398 1352 Edwardus
435 1315 510 1353 Dei
543 1314 672 1364 gracia
704 1316 790 1352 Rex
826 1313 965 1363 Anglie
997 1321 1036 1351 et
1068 1312 1233 1350 Francie
1267 1320 1305 1350 et
1344 1312 1541 1350 Dominus
1577 1310 1772 1349 Hibernie

181 1379 441 1418 Thesaurario
480 1387 518 1418 et
556 1379 789 1419 Camerariis
820 1379 898 1417 suis
937 1379 1115 1417 salutem.
1174 1378 1366 1416 Volentes
1399 1376 1514 1415 certis
1554 1376 1605 1414 de
1644 1374 1774 1413 causis

182 1443 379 1482 certiorari
399 1457 515 1494 super
533 1446 699 1483 recordo
729 1452 768 1483 et
799 1457 983 1494 processu
1018 1443 1160 1481 habitis
1190 1456 1323 1481 coram
1355 1441 1509 1480 dilectis
1531 1448 1569 1479 et
1590 1440 1775 1478 fidelibus

184 1508 326 1547 nostris
349 1509 520 1548 Ricardo
542 1511 591 1548 de
607 1511 829 1559 Wylughby
850 1517 888 1548 et
908 1509 1024 1547 sociis
1046 1508 1124 1546 suis
1145 1521 1272 1557 nuper
1301 1505 1534 1557 Justiciariis
1555 1506 1606 1543 ad
1628 1504 1773 1553 placita

183 1575 326 1612 foreste
349 1574 512 1613 Henrici
543 1588 669 1624 nuper
699 1573 855 1613 comitis
891 1573 1118 1612 Lancastrie
1156 1573 1196 1611 in
1235 1574 1379 1610 foreste
1411 1572 1462 1610 de
1498 1571 1703 1619 Pykeryng
1734 1569 1776 1606 in

183 1639 372 1677 comitatu
404 1639 647 1678 Eboracensi
685 1641 736 1678 de
774 1639 1019 1677 libertatibus
1059 1651 1127 1688 per
1162 1639 1385 1676 Robertum
1424 1636 1546 1674 filium
1587 1635 1772 1674 Willelmi

184 1706 353 1754 Wyerne
373 1712 412 1743 et
432 1706 630 1744 Thomam
650 1706 834 1743 Thurnef
848 1705 888 1742 in
905 1705 1046 1743 eadem
1063 1705 1207 1742 foresta
1223 1716 1357 1741 coram
1375 1702 1525 1740 eisdem
1545 1699 1777 1750 Justiciariis

186 1769 361 1808 clamatis
396 1777 434 1809 et
471 1770 618 1810 ibidem
652 1769 840 1816 allocatis,
875 1768 987 1807 vobis
1022 1770 1259 1807 mandamus
1296 1768 1406 1818 quod
1440 1765 1620 1805 scrutatis
1639 1765 1776 1803 rotulis

187 1835 366 1884 ejusdem
388 1835 549 1874 Ricardi
569 1836 619 1874 de
640 1834 778 1873 itinere
808 1834 986 1884 predicto
1006 1833 1074 1883 qui
1094 1841 1184 1871 sunt
1205 1833 1243 1870 in
1274 1830 1534 1871 Thesauraria
1553 1837 1687 1869 nostra
1707 1830 1781 1867 sub

187 1900 369 1938 custodia
388 1908 515 1938 vestra
552 1907 595 1938 ut
628 1899 780 1946 dicitur,
813 1899 1021 1938 recordum
1056 1906 1093 1936 et
1129 1911 1356 1948 processum
1391 1896 1570 1947 predicta
1599 1894 1713 1932 nobis
1735 1894 1776 1931 in

190 1965 434 2004 Cancellaria
453 1972 585 2003 nostra
605 1966 676 2003 sub
710 1964 836 2014 sigillo
871 1962 1064 2002 Scaccarii
1094 1963 1217 2001 nostri
1247 1962 1433 2001 distincte
1463 1969 1502 2000 et
1531 1967 1666 2010 aperte
1695 1958 1780 1997 sine

188 2029 384 2068 dilacione
406 2029 565 2068 mittatis
586 2037 624 2069 et
644 2030 720 2068 hoc
741 2030 867 2067 breve.
927 2030 1048 2067 Teste
1080 2029 1270 2066 Leonello
1302 2027 1382 2065 filio
1418 2033 1555 2064 nostro
1578 2023 1780 2061 carissimo

189 2096 355 2133 custode
385 2094 527 2144 Anglie
556 2095 663 2144 apud
697 2093 856 2143 Reding
889 2095 950 2142 xvj
982 2093 1046 2131 die
1076 2093 1184 2142 Junii
1213 2105 1318 2130 anno
1348 2091 1457 2142 regni
1488 2088 1612 2128 nostri
1636 2088 1777 2138 Anglie

189 2158 377 2197 vicesimo
397 2159 539 2208 primo,
560 2158 667 2208 regni
687 2171 780 2197 vero
802 2157 924 2196 nostri
946 2157 1110 2195 Francie
1131 2164 1283 2195 octavo.

246 2221 351 2275 [The
372 2224 510 2262 record
531 2224 576 2261 of
599 2224 666 2261 the
686 2222 800 2260 claim
824 2222 980 2271 printed
1001 2229 1040 2260 at
1060 2235 1095 2271 p.
1125 2235 1196 2259 122
1220 2226 1307 2259 ante
1327 2227 1420 2259 next
1440 2216 1621 2271 follows]

192 2352 374 2402 Justices,
395 2353 521 2391 which
542 2354 621 2391 had
641 2353 743 2391 been
765 2359 851 2390 sent
872 2351 955 2390 into
976 2352 1043 2389 the
1065 2350 1205 2400 King's
1227 2351 1446 2399 Chancery.
1505 2349 1594 2387 The
1615 2347 1787 2398 Justices

192 2430 292 2456 were
312 2418 488 2456 directed
509 2425 550 2456 to
571 2417 750 2456 examine
770 2418 837 2456 the
858 2417 1008 2462 record,
1030 2416 1109 2454 and
1126 2416 1220 2453 then
1236 2422 1277 2453 to
1298 2414 1470 2464 proceed
1486 2413 1526 2451 in
1542 2414 1789 2451 accordance

192 2483 284 2521 with
304 2484 372 2521 the
391 2484 462 2521 law
482 2484 562 2521 and
583 2490 736 2521 custom
759 2484 804 2520 of
833 2483 899 2520 the
920 2480 1111 2530 kingdom
1143 2480 1233 2518 with
1270 2480 1338 2517 the
1368 2478 1445 2516 suit
1474 2478 1524 2527 by
1557 2478 1708 2515 Robert
1737 2478 1789 2516 de

194 2548 467 2597 Scarborough
504 2548 586 2585 and
623 2548 801 2585 Thomas
839 2545 983 2592 White,
1014 2552 1090 2583 two
1133 2552 1290 2583 tenants
1333 2544 1413 2581 and
1456 2554 1707 2580 commoners
1748 2542 1796 2580 of

196 2614 432 2659 Ebberston‚
455 2625 477 2650 a
497 2612 637 2661 village
667 2611 752 2650 said
781 2618 822 2649 to
852 2612 902 2649 be
932 2609 1066 2648 within
1095 2610 1163 2647 the
1193 2610 1325 2655 forest,
1347 2609 1435 2646 who
1465 2614 1587 2645 assert
1616 2607 1701 2645 that
1721 2607 1789 2645 the

194 2677 366 2715 liberties
387 2678 482 2715 then
503 2676 674 2715 claimed
706 2677 758 2725 by
794 2676 945 2714 Robert
980 2676 1148 2723 Wyerne
1181 2674 1262 2711 and
1295 2673 1472 2710 Thomas
1505 2672 1688 2710 Thurnef
1710 2672 1790 2710 and

195 2741 371 2787 allowed,
414 2753 511 2779 were
548 2740 589 2778 in
627 2740 831 2790 prejudice
865 2741 909 2778 of
941 2739 1043 2778 their
1076 2738 1199 2788 rights
1239 2738 1319 2776 and
1353 2738 1467 2776 those
1501 2737 1543 2775 of
1579 2738 1646 2774 the
1677 2738 1791 2774 other

197 2812 353 2844 tenants
396 2806 475 2844 and
515 2818 766 2844 commoners
808 2806 854 2843 of
886 2805 970 2843 that
1008 2802 1215 2852 township,
1247 2802 1327 2841 and
1365 2802 1458 2840 seek
1499 2809 1540 2839 to
1580 2801 1680 2839 have
1723 2801 1791 2839 the

197 2871 410 2909 allowance
431 2871 476 2908 of
500 2871 568 2908 the
596 2869 767 2908 liberties
796 2876 856 2908 set
883 2869 1003 2907 aside.
1075 2868 1225 2907 Tested
1254 2875 1293 2906 at
1323 2866 1507 2915 Reading
1537 2867 1588 2915 by
1609 2865 1790 2913 Lionel,÷÷

198 2937 294 2974 then
316 2935 460 2983 keeper
479 2935 524 2972 of
548 2935 743 2984 England‚
767 2947 788 2982 3
810 2935 913 2983 July,
941 2944 1056 2982 1347.

253 3001 291 3037 A
341 2999 435 3046 writ,
478 2999 597 3037 dated
645 3005 685 3036 at
726 2998 910 3048 Reading
956 2999 1002 3035 16
1044 2999 1160 3047 June,
1210 3006 1323 3045 1347,
1366 2994 1446 3033 had
1500 2993 1677 3034 directed
1724 2995 1792 3034 the

615 3073 632 3089 ἤ
658 3074 761 3107 Third
779 3085 838 3107 son
854 3075 891 3107 of
912 3074 1056 3106 Edward
1075 3073 1157 3112 111„
1178 3072 1260 3104 born
1282 3069 1375 3111 1338.
