2044 3491
804 266 1038 298 COUCHER
1070 266 1214 299 BOOK.
1724 273 1802 315 147

209 363 409 402 Fratribus
429 377 498 414 per
526 365 717 414 prefatum
747 363 949 402 Simonem
982 364 1189 402 Faukener
1220 370 1460 403 attornatum
1495 378 1613 415 quam
1647 368 1801 416 prefato

209 428 388 468 Henrico
409 443 535 480 usque
554 429 660 468 diem
681 430 793 466 Lune
814 427 1036 477 proximum
1057 435 1145 477 post
1165 429 1307 467 festum
1330 428 1463 468 Sancti
1484 430 1666 480 Gregorii
1692 433 1800 481 Pape

208 495 314 542 apud
335 493 529 544 Pikeryng
548 507 678 532 coram
700 492 859 543 prefatis
879 492 1109 542 Justiciariis
1127 500 1212 540 etc.,
1232 494 1283 531 de
1296 493 1497 532 audiendo
1524 493 1618 533 inde
1647 496 1799 543 judicio

208 570 279 595 suo
300 565 371 597 ete.
430 559 495 596 Ad
516 571 634 608 quem
667 557 772 596 diem
807 557 914 606 apud
947 556 1144 606 Pikeryng
1178 569 1310 595 coram
1341 557 1499 607 prefatis
1545 557 1720 596 Ricardo
1750 559 1801 598 de

208 622 429 672 Wylughby
467 629 505 660 et
543 623 728 671 Johanne
766 623 817 661 de
856 623 1066 671 Hambury
1096 629 1288 661 venerunt
1318 629 1398 661 tam
1430 623 1595 673 predicti
1626 624 1735 663 Prior
1764 633 1802 664 et

209 686 361 724 Fratres
382 700 452 736 per
470 694 708 725 attornatum
729 700 842 725 suurn
878 685 1099 736 predictum
1133 700 1252 736 quam
1281 687 1479 736 predictus
1510 688 1709 727 Henricus
1724 703 1735 737 3
1764 697 1803 728 et

208 749 353 788 deinde
374 751 489 789 datus
523 758 580 789 est
615 750 670 789 eis
705 750 789 789 dies
823 764 950 801 usque
984 750 1090 789 diem
1112 753 1224 790 Lune
1256 752 1476 800 proximum
1511 761 1602 803 post
1623 767 1802 793 mensem

208 814 360 853 Pasche
398 816 504 865 apud
535 815 728 866 Pikeryng
757 829 888 854 coram
928 815 1086 865 prefatis
1116 815 1348 865 Justiciariis
1389 819 1439 856 de
1479 817 1679 856 audiendo
1708 818 1803 857 inde

204 879 356 929 judicio
378 893 459 918 suo.
506 881 571 918 Ad
591 893 711 929 quern
732 880 839 919 diem
860 881 967 930 apud
990 879 1208 930 Pickeryng
1228 894 1360 919 coram
1382 882 1540 931 prefatis
1562 882 1735 922 Ricardo
1752 884 1803 922 de

209 944 419 994 Wilughby
439 951 477 983 et
497 946 681 994 Johanne
712 945 763 983 de
799 946 1008 994 Hambury
1040 944 1272 994 Justieiariis
1303 954 1495 985 venerunt
1528 954 1609 986 tam
1639 948 1804 997 predicti

209 1008 320 1047 Prior
366 1016 405 1047 et
453 1010 604 1047 Fratres
643 1022 712 1059 per
749 1016 989 1047 attornatum
1029 1022 1142 1047 suum
1181 1009 1402 1059 predictum
1446 1022 1564 1059 quam
1603 1011 1804 1060 predictus

210 1073 410 1111 Henricus
427 1087 437 1121 3
467 1080 505 1112 et
539 1073 685 1112 deinde
705 1074 819 1112 datus
840 1081 898 1112 est
919 1073 974 1111 eis
996 1073 1080 1112 dies
1110 1087 1234 1124 usque
1264 1073 1370 1112 diem
1408 1073 1547 1112 Martis
1579 1075 1803 1124 proximum

209 1145 299 1187 post
329 1145 406 1176 tres
437 1137 675 1187 septimanas
708 1138 840 1177 Sancti
876 1138 1083 1177 Michaelis
1114 1141 1220 1189 apud
1252 1139 1447 1188 Pikeryng
1481 1152 1614 1177 coram
1644 1140 1803 1189 prefatis

209 1201 438 1251 Justiciariis
459 1210 532 1249 etc,
554 1204 604 1241 de
624 1202 827 1241 audiendo
849 1201 963 1255 [310]
991 1203 1085 1242 inde
1113 1203 1265 1252 judicio
1300 1216 1383 1241 suo.
1442 1204 1508 1241 Ad
1540 1217 1660 1253 quem
1695 1204 1803 1243 diem

209 1267 315 1316 apud
343 1267 530 1316 Pikeryng
564 1280 697 1305 coram
731 1268 889 1317 prefatis
925 1268 1100 1307 Ricardo
1136 1270 1187 1307 de
1222 1269 1444 1318 Wylughby
1474 1277 1512 1307 et
1540 1270 1726 1318 Johanne
1756 1271 1806 1309 de

211 1332 462 1370 Shardelowe
482 1341 673 1371 venerunt
693 1339 770 1370 tam
794 1334 958 1383 predicti
980 1333 1089 1372 Prior
1109 1341 1147 1372 et
1169 1336 1323 1372 Fratres
1344 1346 1413 1383 per
1433 1340 1674 1372 attornatum
1691 1348 1806 1374 suum

211 1410 328 1446 quam
351 1396 551 1447 predictus
574 1397 773 1436 Henricus
789 1412 798 1445 3
829 1405 866 1436 et
887 1397 1033 1436 deinde
1054 1398 1169 1436 datus
1191 1405 1250 1436 est
1271 1397 1325 1436 eis
1345 1397 1430 1435 dies
1465 1399 1571 1447 apud
1608 1399 1804 1449 Pikeryng

210 1474 343 1499 coram
379 1462 535 1510 prefatis
565 1461 797 1511 Justiciariis
832 1475 959 1512 usque
990 1462 1095 1500 diem
1129 1462 1238 1512 Jovis
1269 1461 1490 1511 proximum
1522 1469 1611 1511 post
1646 1463 1809 1501 octabas

212 1526 507 1565 Purificacionis
547 1526 662 1565 beate
702 1526 828 1565 Marie
868 1525 995 1579 [there
1033 1528 1183 1566 follows
1222 1541 1244 1565 a
1273 1526 1484 1576 repetition
1524 1528 1568 1565 of
1607 1528 1709 1566 what
1738 1528 1809 1566 has

211 1592 369 1640 already
396 1592 499 1629 been
530 1591 688 1641 printed
719 1600 758 1630 at
792 1606 828 1642 p.
866 1594 951 1641 138,
983 1597 1080 1638 ante,
1111 1590 1152 1628 in
1181 1591 1248 1629 the
1287 1605 1376 1630 case
1415 1593 1458 1630 of
1493 1592 1560 1630 the
1598 1593 1734 1631 Abbot
1764 1593 1809 1630 of

211 1655 425 1708 Rievaulx]
448 1655 600 1708 [310b].
659 1658 724 1695 Ad
746 1670 864 1706 quem
885 1657 990 1695 diem
1014 1658 1127 1694 Lune
1147 1655 1371 1706 proximum
1393 1664 1482 1706 post
1503 1658 1646 1695 festum
1676 1656 1810 1695 Sancti

212 1722 372 1760 Andree
393 1722 577 1771 Apostoli
597 1723 704 1772 apud
727 1721 921 1771 Pikeryng
941 1733 1075 1759 coram
1105 1720 1262 1770 prefatis
1295 1720 1469 1759 Ricardo
1503 1722 1553 1759 de
1587 1722 1811 1771 Wylughby

213 1793 251 1824 et
271 1787 455 1835 Johanne
475 1787 526 1824 de
549 1787 760 1836 Hambury
779 1785 1010 1836 Justiciariis
1031 1792 1105 1824 ete.
1128 1793 1321 1824 venerunt
1342 1793 1421 1824 tam
1444 1786 1611 1835 predicti
1640 1785 1750 1824 Prior
1771 1793 1810 1824 et

213 1852 367 1888 Fratres
389 1864 458 1900 per
477 1858 718 1889 attornatum
740 1865 854 1889 suum
875 1850 1094 1900 predictum
1117 1863 1236 1899 quam
1267 1849 1469 1899 predictus
1492 1849 1704 1898 Henricus,
1737 1863 1808 1899 per

213 1915 330 1954 breve
351 1915 504 1954 domini
525 1916 647 1966 Regis
669 1918 741 1954 sub
763 1915 991 1954 testimonio
1012 1914 1177 1964 predicti
1199 1914 1361 1953 Ricardi
1382 1915 1432 1953 de
1452 1914 1673 1964 Wylughby
1694 1921 1809 1964 prout

213 1987 286 2018 etc.
309 1980 593 2028 resummoniti,
619 1988 657 2020 et
678 1980 825 2020 deinde
846 1981 961 2019 datus
982 1987 1040 2018 est
1062 1979 1118 2018 eis
1138 1979 1232 2018 inde
1253 1979 1338 2017 dies
1358 1992 1484 2029 usque
1505 1979 1611 2017 diem
1634 1981 1748 2018 Lune
1768 1979 1809 2016 in

213 2046 387 2084 secunda
408 2045 628 2096 septimana
649 2045 960 2096 Quadragesime
982 2046 1032 2083 de
1063 2044 1266 2083 audiendo
1287 2043 1380 2082 inde
1411 2043 1566 2093 judicio
1599 2056 1679 2081 suo.
1741 2044 1808 2082 Ad

214 2123 332 2159 quem
354 2110 458 2148 diem
493 2111 599 2160 apud
632 2111 826 2160 Pikeryng
857 2123 991 2148 coram
1023 2109 1180 2159 prefatis
1216 2109 1392 2146 Ricardo
1426 2109 1477 2146 de
1508 2109 1733 2158 Wylughby
1769 2115 1809 2146 et

213 2175 396 2224 Johanne
418 2175 468 2213 de
499 2175 707 2224 Hambury
738 2173 969 2224 justiciariis
992 2181 1062 2212 etc.
1097 2181 1287 2212 venerunt
1319 2180 1399 2211 tarn
1432 2173 1599 2222 predicti
1631 2173 1741 2211 Prior
1770 2180 1809 2211 et

215 2241 368 2278 Fratres
390 2252 458 2288 per
478 2246 718 2278 attornatum
753 2252 866 2278 suum
899 2238 1119 2289 predictum
1153 2251 1270 2287 quam
1303 2237 1503 2287 predictus
1536 2237 1747 2285 Henricus,
1772 2245 1810 2275 et

214 2303 360 2342 deinde
381 2305 495 2342 datus
517 2311 575 2342 est
595 2304 651 2343 eis
671 2303 764 2342 inde
784 2303 868 2342 dies
889 2316 1016 2353 usque
1037 2303 1143 2341 diem
1165 2304 1279 2341 Lune
1299 2302 1521 2352 proximum
1542 2309 1632 2352 post
1663 2303 1808 2341 festum

215 2368 349 2407 Sancti
371 2368 524 2407 Mathei
544 2368 726 2419 Apostoli
747 2369 797 2407 de
818 2368 1019 2407 audiendo
1041 2367 1134 2406 inde
1163 2366 1315 2416 judicio
1350 2380 1422 2405 suo
1457 2373 1530 2405 etc.
1589 2367 1655 2405 Ad
1684 2379 1804 2416 quem

215 2433 322 2472 diem
342 2434 450 2483 apud
471 2433 666 2484 Pikeryng
687 2447 819 2472 coram
840 2432 997 2483 prefatis
1019 2431 1195 2470 Ricardo
1225 2432 1276 2470 de
1306 2432 1526 2481 Wylughby
1557 2438 1596 2470 et
1625 2432 1809 2481 Johanne

216 2498 267 2537 de
288 2499 498 2547 Hambury
519 2505 592 2536 ete.
615 2505 807 2536 venerunt
828 2505 907 2536 tam
927 2496 1093 2546 predicti
1116 2495 1225 2534 Prior
1245 2503 1284 2534 et
1305 2498 1458 2534 Fratres
1479 2509 1549 2545 per
1567 2503 1808 2534 attornatum

215 2575 332 2601 suum
378 2562 600 2612 predictum
648 2575 767 2612 quam
816 2561 1015 2611 predictus
1059 2561 1269 2608 Henricus,
1320 2568 1359 2600 et
1407 2560 1554 2600 deinde
1594 2562 1710 2599 datus
1750 2569 1809 2601 est

216 2689 380 2739 granted
400 2696 440 2728 to
461 2689 569 2728 them
589 2690 640 2727 all
661 2689 727 2727 the
743 2688 913 2727 liberties
934 2689 1013 2727 and
1034 2688 1254 2738 quittances
1276 2687 1322 2726 of
1345 2686 1470 2725 which
1504 2687 1571 2725 the
1603 2687 1809 2736 Templars

216 2766 316 2792 were
337 2753 464 2791 seised
484 2754 619 2792 before
640 2752 739 2792 their
759 2752 1023 2802 suppression,
1047 2753 1125 2791 and
1146 2753 1257 2790 these
1287 2764 1385 2789 were
1415 2751 1585 2790 liberties
1616 2752 1661 2789 of
1683 2751 1809 2789 which

217 2819 284 2857 the
315 2819 521 2867 Templars
555 2830 653 2856 were
683 2831 727 2856 so
761 2817 889 2856 seised
921 2818 1057 2855 before
1077 2816 1178 2855 their
1207 2815 1471 2865 suppression,
1495 2816 1574 2853 and
1606 2815 1713 2853 since
1742 2816 1810 2853 the

218 2889 330 2933 grant
350 2883 442 2931 they
462 2882 561 2920 have
581 2882 683 2920 been
703 2881 874 2920 likewise
895 2881 1032 2920 seised.
1092 2882 1310 2931 Judgment
1332 2893 1405 2918 was
1426 2880 1608 2918 reserved
1638 2892 1690 2917 on
1711 2880 1809 2917 each

219 2948 264 2985 of
288 2947 354 2985 the
375 2947 521 2984 several
552 2945 704 2995 sittings
725 2947 769 2984 of
794 2947 860 2984 the
882 2947 1006 2985 Court
1027 2946 1184 2995 already
1213 2944 1455 2990 mentioned,
1488 2957 1539 2982 on
1570 2944 1637 2981 the
1666 2944 1740 2981 last
1769 2944 1816 2982 of

219 3011 358 3058 which,
394 3011 561 3059 namely,
597 3011 794 3060 Tuesday,
835 3021 880 3060 15
918 3012 1037 3060 Sept.,
1079 3012 1191 3059 1338,
1214 3023 1255 3047 as
1290 3010 1356 3047 the
1387 3009 1510 3047 Court
1540 3021 1616 3045 was
1647 3015 1718 3046 not
1746 3015 1811 3057 yet

219 3076 411 3125 prepared
440 3081 481 3113 to
510 3073 596 3124 give
629 3075 846 3124 judgment
880 3075 948 3112 the
982 3081 1123 3113 matter
1158 3087 1232 3113 was
1266 3073 1489 3122 adjourned
1511 3071 1610 3110 until
1647 3086 1668 3121 3
1705 3074 1807 3111 Nov.

1571 3149 1594 3174 L
1628 3151 1645 3174 2
