<?xml version="1.0" encoding="UTF-8"?>
<!DOCTYPE html PUBLIC "-//W3C//DTD XHTML 1.0 Transitional//EN"
    "http://www.w3.org/TR/xhtml1/DTD/xhtml1-transitional.dtd">
<html xmlns="http://www.w3.org/1999/xhtml" xml:lang="en" lang="en">
 <head>
  <title>
</title>
<meta http-equiv="Content-Type" content="text/html;charset=utf-8" />
  <meta name='ocr-system' content='tesseract 3.04.00' />
  <meta name='ocr-capabilities' content='ocr_page ocr_carea ocr_par ocr_line ocrx_word'/>
</head>
<body>
  <div class='ocr_page' id='page_1' title='image "./honorforestofpic03turt_0181.png"; bbox 0 0 2044 3491; ppageno 0'>
   <div class='ocr_carea' id='block_1_1' title="bbox 803 229 1808 279">
    <p class='ocr_par' dir='ltr' id='par_1_1' title="bbox 803 229 1808 279">
     <span class='ocr_line' id='line_1_1' title="bbox 803 229 1808 279; baseline 0.006 -18"><span class='ocrx_word' id='word_1_1' title='bbox 803 229 1040 262; x_wconf 90' lang='lat' dir='ltr'>COUCHER</span> <span class='ocrx_word' id='word_1_2' title='bbox 1073 231 1218 264; x_wconf 86' lang='lat' dir='ltr'><strong>BOOK.</strong></span> <span class='ocrx_word' id='word_1_3' title='bbox 1731 239 1808 279; x_wconf 79' lang='lat'>143</span> 
     </span>
    </p>
   </div>
   <div class='ocr_carea' id='block_1_2' title="bbox 205 324 1807 2062">
    <p class='ocr_par' dir='ltr' id='par_1_2' title="bbox 208 324 1807 1802">
     <span class='ocr_line' id='line_1_2' title="bbox 217 324 1805 381; baseline 0.004 -18"><span class='ocrx_word' id='word_1_4' title='bbox 217 326 327 364; x_wconf 87' lang='lat' dir='ltr'>nullo</span> <span class='ocrx_word' id='word_1_5' title='bbox 347 326 398 364; x_wconf 89' lang='lat' dir='ltr'>ab</span> <span class='ocrx_word' id='word_1_6' title='bbox 417 324 504 376; x_wconf 92' lang='lat' dir='ltr'>ipso</span> <span class='ocrx_word' id='word_1_7' title='bbox 525 327 637 376; x_wconf 93' lang='lat' dir='ltr'>Rege</span> <span class='ocrx_word' id='word_1_8' title='bbox 657 326 719 364; x_wconf 92' lang='lat' dir='ltr'>vel</span> <span class='ocrx_word' id='word_1_9' title='bbox 739 325 949 364; x_wconf 84' lang='lat' dir='ltr'>heredibus</span> <span class='ocrx_word' id='word_1_10' title='bbox 970 325 1048 365; x_wconf 91' lang='lat' dir='ltr'>suis</span> <span class='ocrx_word' id='word_1_11' title='bbox 1069 333 1134 365; x_wconf 90' lang='lat' dir='ltr'>aut</span> <span class='ocrx_word' id='word_1_12' title='bbox 1166 327 1318 367; x_wconf 84' lang='lat' dir='ltr'><strong>ballivis</strong></span> <span class='ocrx_word' id='word_1_13' title='bbox 1350 341 1487 367; x_wconf 91' lang='lat' dir='ltr'>eorum</span> <span class='ocrx_word' id='word_1_14' title='bbox 1516 329 1805 381; x_wconf 86' lang='lat' dir='ltr'>imperpetuum</span> 
     </span>
     <span class='ocr_line' id='line_1_3' title="bbox 218 390 1802 443; baseline 0.004 -15"><span class='ocrx_word' id='word_1_15' title='bbox 218 390 529 438; x_wconf 88' lang='lat' dir='ltr'>occasionentur‚</span> <span class='ocrx_word' id='word_1_16' title='bbox 546 398 583 429; x_wconf 92' lang='lat' dir='ltr'>et</span> <span class='ocrx_word' id='word_1_17' title='bbox 603 390 677 441; x_wconf 91' lang='lat' dir='ltr'>ipsi</span> <span class='ocrx_word' id='word_1_18' title='bbox 697 398 736 429; x_wconf 91' lang='lat' dir='ltr'>et</span> <span class='ocrx_word' id='word_1_19' title='bbox 756 391 936 430; x_wconf 87' lang='lat' dir='ltr'>homines</span> <span class='ocrx_word' id='word_1_20' title='bbox 957 391 1016 429; x_wconf 92' lang='lat' dir='ltr'>sui</span> <span class='ocrx_word' id='word_1_21' title='bbox 1037 391 1159 441; x_wconf 81' lang='lat' dir='ltr'>quieti</span> <span class='ocrx_word' id='word_1_22' title='bbox 1174 393 1250 431; x_wconf 91' lang='lat' dir='ltr'>sint</span> <span class='ocrx_word' id='word_1_23' title='bbox 1264 394 1314 432; x_wconf 92' lang='lat' dir='ltr'>de</span> <span class='ocrx_word' id='word_1_24' title='bbox 1335 394 1636 443; x_wconf 84' lang='lat' dir='ltr'>expeditacione</span> <span class='ocrx_word' id='word_1_25' title='bbox 1658 409 1802 434; x_wconf 86' lang='lat' dir='ltr'>canum</span> 
     </span>
     <span class='ocr_line' id='line_1_4' title="bbox 218 455 1805 508; baseline 0.003 -15"><span class='ocrx_word' id='word_1_26' title='bbox 218 468 379 493; x_wconf 89' lang='lat' dir='ltr'>suorum</span> <span class='ocrx_word' id='word_1_27' title='bbox 399 455 699 505; x_wconf 87' lang='lat' dir='ltr'>imperpetuum,</span> <span class='ocrx_word' id='word_1_28' title='bbox 722 455 860 493; x_wconf 89' lang='lat' dir='ltr'>dicunt</span> <span class='ocrx_word' id='word_1_29' title='bbox 881 456 1057 494; x_wconf 88' lang='lat' dir='ltr'>similiter</span> <span class='ocrx_word' id='word_1_30' title='bbox 1077 456 1198 495; x_wconf 89' lang='lat' dir='ltr'>iidem</span> <span class='ocrx_word' id='word_1_31' title='bbox 1221 457 1387 496; x_wconf 90' lang='lat' dir='ltr'>ministri</span> <span class='ocrx_word' id='word_1_32' title='bbox 1407 460 1518 508; x_wconf 89' lang='lat' dir='ltr'>quod</span> <span class='ocrx_word' id='word_1_33' title='bbox 1539 459 1613 508; x_wconf 87' lang='lat' dir='ltr'>ipsi</span> <span class='ocrx_word' id='word_1_34' title='bbox 1635 460 1744 498; x_wconf 84' lang='lat' dir='ltr'>Prior</span> <span class='ocrx_word' id='word_1_35' title='bbox 1766 468 1805 499; x_wconf 87' lang='lat' dir='ltr'>et</span> 
     </span>
     <span class='ocr_line' id='line_1_5' title="bbox 217 520 1806 572; baseline 0.003 -13"><span class='ocrx_word' id='word_1_36' title='bbox 217 523 370 560; x_wconf 86' lang='lat' dir='ltr'>Fratres</span> <span class='ocrx_word' id='word_1_37' title='bbox 409 520 652 560; x_wconf 87' lang='lat' dir='ltr'>libertatibus</span> <span class='ocrx_word' id='word_1_38' title='bbox 692 520 876 571; x_wconf 87' lang='lat' dir='ltr'>predictis</span> <span class='ocrx_word' id='word_1_39' title='bbox 916 533 1072 570; x_wconf 86' lang='lat' dir='ltr'>semper</span> <span class='ocrx_word' id='word_1_40' title='bbox 1118 535 1140 560; x_wconf 90' lang='lat' dir='ltr'>a</span> <span class='ocrx_word' id='word_1_41' title='bbox 1178 530 1355 572; x_wconf 90' lang='lat' dir='ltr'>ternpore</span> <span class='ocrx_word' id='word_1_42' title='bbox 1393 524 1661 562; x_wconf 88' lang='lat' dir='ltr'>confeccionis</span> <span class='ocrx_word' id='word_1_43' title='bbox 1701 533 1806 563; x_wconf 85' lang='lat' dir='ltr'>carte</span> 
     </span>
     <span class='ocr_line' id='line_1_6' title="bbox 216 585 1807 639; baseline 0.003 -15"><span class='ocrx_word' id='word_1_44' title='bbox 216 586 392 636; x_wconf 85' lang='lat' dir='ltr'>predicte</span> <span class='ocrx_word' id='word_1_45' title='bbox 427 585 510 624; x_wconf 91' lang='lat' dir='ltr'>sine</span> <span class='ocrx_word' id='word_1_46' title='bbox 544 585 836 635; x_wconf 90' lang='lat' dir='ltr'>interrupcione</span> <span class='ocrx_word' id='word_1_47' title='bbox 867 585 927 623; x_wconf 91' lang='lat' dir='ltr'>usi</span> <span class='ocrx_word' id='word_1_48' title='bbox 948 593 1039 623; x_wconf 89' lang='lat' dir='ltr'>sunt</span> <span class='ocrx_word' id='word_1_49' title='bbox 1069 593 1107 624; x_wconf 88' lang='lat' dir='ltr'>et</span> <span class='ocrx_word' id='word_1_50' title='bbox 1140 586 1271 637; x_wconf 82' lang='lat' dir='ltr'>gavisi.</span> <span class='ocrx_word' id='word_1_51' title='bbox 1334 589 1384 626; x_wconf 90' lang='lat' dir='ltr'>Et</span> <span class='ocrx_word' id='word_1_52' title='bbox 1416 589 1551 638; x_wconf 90' lang='lat' dir='ltr'>quoad</span> <span class='ocrx_word' id='word_1_53' title='bbox 1586 589 1663 627; x_wconf 87' lang='lat' dir='ltr'>hoc</span> <span class='ocrx_word' id='word_1_54' title='bbox 1697 590 1807 639; x_wconf 85' lang='lat' dir='ltr'>quod</span> 
     </span>
     <span class='ocr_line' id='line_1_7' title="bbox 216 650 1804 703; baseline 0.002 -14"><span class='ocrx_word' id='word_1_55' title='bbox 216 653 386 690; x_wconf 87' lang='lat' dir='ltr'>clamant</span> <span class='ocrx_word' id='word_1_56' title='bbox 407 652 517 701; x_wconf 92' lang='lat' dir='ltr'>quod</span> <span class='ocrx_word' id='word_1_57' title='bbox 537 650 568 689; x_wconf 91' lang='lat' dir='ltr'>si</span> <span class='ocrx_word' id='word_1_58' title='bbox 588 651 727 701; x_wconf 91' lang='lat' dir='ltr'>aliquis</span> <span class='ocrx_word' id='word_1_59' title='bbox 749 651 953 689; x_wconf 89' lang='lat' dir='ltr'>hominum</span> <span class='ocrx_word' id='word_1_60' title='bbox 976 664 1135 689; x_wconf 89' lang='lat' dir='ltr'>suorum</span> <span class='ocrx_word' id='word_1_61' title='bbox 1156 651 1203 689; x_wconf 87' lang='lat' dir='ltr'>sit</span> <span class='ocrx_word' id='word_1_62' title='bbox 1224 652 1455 691; x_wconf 87' lang='lat' dir='ltr'>amerciatus</span> <span class='ocrx_word' id='word_1_63' title='bbox 1477 666 1567 703; x_wconf 90' lang='lat' dir='ltr'>erga</span> <span class='ocrx_word' id='word_1_64' title='bbox 1596 654 1804 692; x_wconf 88' lang='lat' dir='ltr'>dominum</span> 
     </span>
     <span class='ocr_line' id='line_1_8' title="bbox 215 717 1806 766; baseline 0.001 -11"><span class='ocrx_word' id='word_1_65' title='bbox 215 718 369 766; x_wconf 83' lang='lat' dir='ltr'>Regem</span> <span class='ocrx_word' id='word_1_66' title='bbox 390 717 451 755; x_wconf 92' lang='lat' dir='ltr'>vel</span> <span class='ocrx_word' id='word_1_67' title='bbox 472 717 635 754; x_wconf 78' lang='lat' dir='ltr'>ballivos</span> <span class='ocrx_word' id='word_1_68' title='bbox 657 729 749 754; x_wconf 90' lang='lat' dir='ltr'>suos</span> <span class='ocrx_word' id='word_1_69' title='bbox 771 729 841 766; x_wconf 89' lang='lat' dir='ltr'>pro</span> <span class='ocrx_word' id='word_1_70' title='bbox 858 729 1110 766; x_wconf 86' lang='lat' dir='ltr'>quacumque</span> <span class='ocrx_word' id='word_1_71' title='bbox 1130 730 1249 755; x_wconf 88' lang='lat' dir='ltr'>causa</span> <span class='ocrx_word' id='word_1_72' title='bbox 1273 718 1335 756; x_wconf 91' lang='lat' dir='ltr'>vel</span> <span class='ocrx_word' id='word_1_73' title='bbox 1352 717 1511 765; x_wconf 85' lang='lat' dir='ltr'>delicto,</span> <span class='ocrx_word' id='word_1_74' title='bbox 1534 717 1806 758; x_wconf 87' lang='lat' dir='ltr'>misericordie</span> 
     </span>
     <span class='ocr_line' id='line_1_9' title="bbox 215 780 1806 831; baseline 0.001 -11"><span class='ocrx_word' id='word_1_75' title='bbox 215 789 253 820; x_wconf 90' lang='lat' dir='ltr'>et</span> <span class='ocrx_word' id='word_1_76' title='bbox 273 781 576 820; x_wconf 89' lang='lat' dir='ltr'>amerciamenta</span> <span class='ocrx_word' id='word_1_77' title='bbox 597 789 687 820; x_wconf 91' lang='lat' dir='ltr'>sunt</span> <span class='ocrx_word' id='word_1_78' title='bbox 720 781 896 831; x_wconf 90' lang='lat' dir='ltr'>ipsorum</span> <span class='ocrx_word' id='word_1_79' title='bbox 917 780 1059 819; x_wconf 88' lang='lat' dir='ltr'>Prioris</span> <span class='ocrx_word' id='word_1_80' title='bbox 1081 789 1119 819; x_wconf 92' lang='lat' dir='ltr'>et</span> <span class='ocrx_word' id='word_1_81' title='bbox 1152 783 1346 829; x_wconf 83' lang='lat' dir='ltr'>Fratrum,</span> <span class='ocrx_word' id='word_1_82' title='bbox 1368 782 1505 821; x_wconf 88' lang='lat' dir='ltr'>dicunt</span> <span class='ocrx_word' id='word_1_83' title='bbox 1527 783 1654 821; x_wconf 91' lang='lat' dir='ltr'>eciam</span> <span class='ocrx_word' id='word_1_84' title='bbox 1683 783 1806 822; x_wconf 90' lang='lat' dir='ltr'>iidem</span> 
     </span>
     <span class='ocr_line' id='line_1_10' title="bbox 214 845 1804 897; baseline 0.002 -13"><span class='ocrx_word' id='word_1_85' title='bbox 214 846 381 885; x_wconf 89' lang='lat' dir='ltr'>ministri</span> <span class='ocrx_word' id='word_1_86' title='bbox 418 847 529 896; x_wconf 88' lang='lat' dir='ltr'>quod</span> <span class='ocrx_word' id='word_1_87' title='bbox 562 859 653 884; x_wconf 88' lang='lat' dir='ltr'>cum</span> <span class='ocrx_word' id='word_1_88' title='bbox 687 845 895 896; x_wconf 87' lang='lat' dir='ltr'>contigerit</span> <span class='ocrx_word' id='word_1_89' title='bbox 928 846 1038 895; x_wconf 89' lang='lat' dir='ltr'>quod</span> <span class='ocrx_word' id='word_1_90' title='bbox 1077 847 1342 885; x_wconf 85' lang='lat' dir='ltr'>wodewardus</span> <span class='ocrx_word' id='word_1_91' title='bbox 1376 846 1552 897; x_wconf 86' lang='lat' dir='ltr'>ipsorum</span> <span class='ocrx_word' id='word_1_92' title='bbox 1589 848 1734 886; x_wconf 89' lang='lat' dir='ltr'>Prioris</span> <span class='ocrx_word' id='word_1_93' title='bbox 1765 856 1804 887; x_wconf 92' lang='lat' dir='ltr'>et</span> 
     </span>
     <span class='ocr_line' id='line_1_11' title="bbox 214 910 1806 961; baseline 0.003 -14"><span class='ocrx_word' id='word_1_94' title='bbox 214 911 393 948; x_wconf 85' lang='lat' dir='ltr'>Fratrum</span> <span class='ocrx_word' id='word_1_95' title='bbox 427 923 507 948; x_wconf 92' lang='lat' dir='ltr'>non</span> <span class='ocrx_word' id='word_1_96' title='bbox 538 910 687 948; x_wconf 89' lang='lat' dir='ltr'>venerit</span> <span class='ocrx_word' id='word_1_97' title='bbox 721 911 772 948; x_wconf 92' lang='lat' dir='ltr'>ad</span> <span class='ocrx_word' id='word_1_98' title='bbox 805 910 1110 948; x_wconf 86' lang='lat' dir='ltr'>attachiamenta</span> <span class='ocrx_word' id='word_1_99' title='bbox 1140 911 1293 958; x_wconf 89' lang='lat' dir='ltr'>foreste,</span> <span class='ocrx_word' id='word_1_100' title='bbox 1328 920 1443 961; x_wconf 91' lang='lat' dir='ltr'>prout</span> <span class='ocrx_word' id='word_1_101' title='bbox 1473 912 1538 950; x_wconf 89' lang='lat' dir='ltr'>alii</span> <span class='ocrx_word' id='word_1_102' title='bbox 1572 914 1806 952; x_wconf 90' lang='lat' dir='ltr'>wodewardi</span> 
     </span>
     <span class='ocr_line' id='line_1_12' title="bbox 216 972 1806 1027; baseline 0.004 -16"><span class='ocrx_word' id='word_1_103' title='bbox 216 972 459 1011; x_wconf 88' lang='lat' dir='ltr'>diversorum</span> <span class='ocrx_word' id='word_1_104' title='bbox 495 973 749 1012; x_wconf 89' lang='lat' dir='ltr'>dominorum</span> <span class='ocrx_word' id='word_1_105' title='bbox 772 974 811 1011; x_wconf 91' lang='lat' dir='ltr'>in</span> <span class='ocrx_word' id='word_1_106' title='bbox 843 975 987 1013; x_wconf 89' lang='lat' dir='ltr'>foresta</span> <span class='ocrx_word' id='word_1_107' title='bbox 1019 975 1195 1025; x_wconf 89' lang='lat' dir='ltr'>predicta</span> <span class='ocrx_word' id='word_1_108' title='bbox 1225 977 1399 1024; x_wconf 90' lang='lat' dir='ltr'>veniunt,</span> <span class='ocrx_word' id='word_1_109' title='bbox 1431 977 1515 1027; x_wconf 91' lang='lat' dir='ltr'>ipse</span> <span class='ocrx_word' id='word_1_110' title='bbox 1541 979 1806 1017; x_wconf 90' lang='lat' dir='ltr'>wodewardus</span> 
     </span>
     <span class='ocr_line' id='line_1_13' title="bbox 214 1039 1806 1088; baseline 0.004 -13"><span class='ocrx_word' id='word_1_111' title='bbox 214 1050 368 1088; x_wconf 86' lang='lat' dir='ltr'>semper</span> <span class='ocrx_word' id='word_1_112' title='bbox 406 1046 619 1077; x_wconf 90' lang='lat' dir='ltr'>consuetus</span> <span class='ocrx_word' id='word_1_113' title='bbox 659 1046 717 1078; x_wconf 91' lang='lat' dir='ltr'>est</span> <span class='ocrx_word' id='word_1_114' title='bbox 747 1039 950 1078; x_wconf 88' lang='lat' dir='ltr'>amerciari</span> <span class='ocrx_word' id='word_1_115' title='bbox 981 1040 1129 1079; x_wconf 90' lang='lat' dir='ltr'>ibidem</span> <span class='ocrx_word' id='word_1_116' title='bbox 1179 1050 1217 1081; x_wconf 88' lang='lat' dir='ltr'>et</span> <span class='ocrx_word' id='word_1_117' title='bbox 1251 1042 1600 1081; x_wconf 87' lang='lat' dir='ltr'>amerciamentum</span> <span class='ocrx_word' id='word_1_118' title='bbox 1633 1043 1725 1081; x_wconf 89' lang='lat' dir='ltr'>inde</span> <span class='ocrx_word' id='word_1_119' title='bbox 1755 1044 1806 1082; x_wconf 90' lang='lat' dir='ltr'>ad</span> 
     </span>
     <span class='ocr_line' id='line_1_14' title="bbox 213 1102 1805 1157; baseline 0.004 -17"><span class='ocrx_word' id='word_1_120' title='bbox 213 1115 312 1152; x_wconf 90' lang='lat' dir='ltr'>opus</span> <span class='ocrx_word' id='word_1_121' title='bbox 345 1102 497 1141; x_wconf 89' lang='lat' dir='ltr'>domini</span> <span class='ocrx_word' id='word_1_122' title='bbox 528 1103 697 1142; x_wconf 89' lang='lat' dir='ltr'>Comitis</span> <span class='ocrx_word' id='word_1_123' title='bbox 730 1103 859 1151; x_wconf 89' lang='lat' dir='ltr'>levari,</span> <span class='ocrx_word' id='word_1_124' title='bbox 893 1104 992 1142; x_wconf 90' lang='lat' dir='ltr'>sicut</span> <span class='ocrx_word' id='word_1_125' title='bbox 1022 1112 1060 1143; x_wconf 89' lang='lat' dir='ltr'>et</span> <span class='ocrx_word' id='word_1_126' title='bbox 1101 1107 1151 1144; x_wconf 91' lang='lat' dir='ltr'>de</span> <span class='ocrx_word' id='word_1_127' title='bbox 1185 1106 1269 1145; x_wconf 91' lang='lat' dir='ltr'>aliis</span> <span class='ocrx_word' id='word_1_128' title='bbox 1314 1107 1564 1146; x_wconf 89' lang='lat' dir='ltr'>wodewardis</span> <span class='ocrx_word' id='word_1_129' title='bbox 1608 1107 1676 1157; x_wconf 89' lang='lat' dir='ltr'>qui</span> <span class='ocrx_word' id='word_1_130' title='bbox 1724 1121 1805 1146; x_wconf 91' lang='lat' dir='ltr'>non</span> 
     </span>
     <span class='ocr_line' id='line_1_15' title="bbox 211 1168 1804 1220; baseline 0.002 -15"><span class='ocrx_word' id='word_1_131' title='bbox 211 1175 403 1206; x_wconf 90' lang='lat' dir='ltr'>venerunt</span> <span class='ocrx_word' id='word_1_132' title='bbox 441 1175 480 1206; x_wconf 90' lang='lat' dir='ltr'>et</span> <span class='ocrx_word' id='word_1_133' title='bbox 519 1169 676 1206; x_wconf 85' lang='lat' dir='ltr'>fuerunt</span> <span class='ocrx_word' id='word_1_134' title='bbox 713 1168 922 1206; x_wconf 87' lang='lat' dir='ltr'>amerciati.</span> <span class='ocrx_word' id='word_1_135' title='bbox 982 1169 1084 1207; x_wconf 92' lang='lat' dir='ltr'>Ideo</span> <span class='ocrx_word' id='word_1_136' title='bbox 1122 1170 1256 1218; x_wconf 81' lang='lat' dir='ltr'>quoad</span> <span class='ocrx_word' id='word_1_137' title='bbox 1292 1170 1369 1207; x_wconf 91' lang='lat' dir='ltr'>hoc</span> <span class='ocrx_word' id='word_1_138' title='bbox 1408 1177 1447 1208; x_wconf 91' lang='lat' dir='ltr'>et</span> <span class='ocrx_word' id='word_1_139' title='bbox 1485 1169 1659 1208; x_wconf 88' lang='lat' dir='ltr'>similiter</span> <span class='ocrx_word' id='word_1_140' title='bbox 1694 1171 1804 1220; x_wconf 84' lang='lat' dir='ltr'>quod</span> 
     </span>
     <span class='ocr_line' id='line_1_16' title="bbox 211 1231 1804 1272; baseline 0 -2"><span class='ocrx_word' id='word_1_141' title='bbox 211 1232 402 1270; x_wconf 86' lang='lat' dir='ltr'>forestarii</span> <span class='ocrx_word' id='word_1_142' title='bbox 423 1232 566 1271; x_wconf 89' lang='lat' dir='ltr'>facient</span> <span class='ocrx_word' id='word_1_143' title='bbox 586 1232 711 1271; x_wconf 89' lang='lat' dir='ltr'>visum</span> <span class='ocrx_word' id='word_1_144' title='bbox 741 1234 791 1272; x_wconf 90' lang='lat' dir='ltr'>de</span> <span class='ocrx_word' id='word_1_145' title='bbox 811 1233 1028 1272; x_wconf 88' lang='lat' dir='ltr'>venacione</span> <span class='ocrx_word' id='word_1_146' title='bbox 1058 1231 1210 1272; x_wconf 89' lang='lat' dir='ltr'>domini</span> <span class='ocrx_word' id='word_1_147' title='bbox 1231 1231 1380 1270; x_wconf 87' lang='lat' dir='ltr'>dictum</span> <span class='ocrx_word' id='word_1_148' title='bbox 1412 1239 1470 1270; x_wconf 90' lang='lat' dir='ltr'>est</span> <span class='ocrx_word' id='word_1_149' title='bbox 1500 1231 1649 1271; x_wconf 92' lang='lat' dir='ltr'>eisdem</span> <span class='ocrx_word' id='word_1_150' title='bbox 1680 1232 1804 1271; x_wconf 91' lang='lat' dir='ltr'>Priori</span> 
     </span>
     <span class='ocr_line' id='line_1_17' title="bbox 212 1296 1803 1347; baseline 0 -12"><span class='ocrx_word' id='word_1_151' title='bbox 212 1304 250 1335; x_wconf 90' lang='lat' dir='ltr'>et</span> <span class='ocrx_word' id='word_1_152' title='bbox 285 1297 482 1336; x_wconf 85' lang='lat' dir='ltr'>Fratribus</span> <span class='ocrx_word' id='word_1_153' title='bbox 504 1298 613 1347; x_wconf 87' lang='lat' dir='ltr'>quod</span> <span class='ocrx_word' id='word_1_154' title='bbox 647 1305 856 1347; x_wconf 78' lang='lat' dir='ltr'>expectent</span> <span class='ocrx_word' id='word_1_155' title='bbox 886 1298 979 1336; x_wconf 91' lang='lat' dir='ltr'>inde</span> <span class='ocrx_word' id='word_1_156' title='bbox 1009 1297 1201 1347; x_wconf 88' lang='lat' dir='ltr'>judicium</span> <span class='ocrx_word' id='word_1_157' title='bbox 1234 1309 1349 1334; x_wconf 88' lang='lat' dir='ltr'>suurn</span> <span class='ocrx_word' id='word_1_158' title='bbox 1381 1296 1445 1335; x_wconf 89' lang='lat' dir='ltr'>die</span> <span class='ocrx_word' id='word_1_159' title='bbox 1478 1298 1589 1335; x_wconf 88' lang='lat' dir='ltr'>Lune</span> <span class='ocrx_word' id='word_1_160' title='bbox 1624 1297 1803 1347; x_wconf 82' lang='lat' dir='ltr'>proximo</span> 
     </span>
     <span class='ocr_line' id='line_1_18' title="bbox 211 1361 1804 1412; baseline 0.001 -13"><span class='ocrx_word' id='word_1_161' title='bbox 211 1369 302 1411; x_wconf 89' lang='lat' dir='ltr'>post</span> <span class='ocrx_word' id='word_1_162' title='bbox 322 1363 463 1401; x_wconf 89' lang='lat' dir='ltr'>festum</span> <span class='ocrx_word' id='word_1_163' title='bbox 494 1362 627 1400; x_wconf 86' lang='lat' dir='ltr'>Sancti</span> <span class='ocrx_word' id='word_1_164' title='bbox 648 1362 827 1412; x_wconf 86' lang='lat' dir='ltr'>Gregorii</span> <span class='ocrx_word' id='word_1_165' title='bbox 857 1364 963 1412; x_wconf 89' lang='lat' dir='ltr'>Pape</span> <span class='ocrx_word' id='word_1_166' title='bbox 984 1370 1055 1401; x_wconf 90' lang='lat' dir='ltr'>etc.</span> <span class='ocrx_word' id='word_1_167' title='bbox 1117 1363 1168 1400; x_wconf 92' lang='lat' dir='ltr'>Et</span> <span class='ocrx_word' id='word_1_168' title='bbox 1198 1361 1376 1399; x_wconf 88' lang='lat' dir='ltr'>similiter</span> <span class='ocrx_word' id='word_1_169' title='bbox 1405 1363 1510 1411; x_wconf 89' lang='lat' dir='ltr'>quod</span> <span class='ocrx_word' id='word_1_170' title='bbox 1544 1361 1665 1400; x_wconf 88' lang='lat' dir='ltr'>iidem</span> <span class='ocrx_word' id='word_1_171' title='bbox 1694 1362 1804 1400; x_wconf 87' lang='lat' dir='ltr'>Prior</span> 
     </span>
     <span class='ocr_line' id='line_1_19' title="bbox 212 1426 1800 1476; baseline 0 -12"><span class='ocrx_word' id='word_1_172' title='bbox 212 1434 250 1464; x_wconf 88' lang='lat' dir='ltr'>et</span> <span class='ocrx_word' id='word_1_173' title='bbox 272 1428 424 1465; x_wconf 90' lang='lat' dir='ltr'>Fratres</span> <span class='ocrx_word' id='word_1_174' title='bbox 444 1428 579 1476; x_wconf 86' lang='lat' dir='ltr'>quoad</span> <span class='ocrx_word' id='word_1_175' title='bbox 600 1427 733 1465; x_wconf 90' lang='lat' dir='ltr'>omnia</span> <span class='ocrx_word' id='word_1_176' title='bbox 752 1427 827 1465; x_wconf 87' lang='lat' dir='ltr'>alia</span> <span class='ocrx_word' id='word_1_177' title='bbox 847 1427 887 1465; x_wconf 90' lang='lat' dir='ltr'>in</span> <span class='ocrx_word' id='word_1_178' title='bbox 907 1427 1050 1466; x_wconf 87' lang='lat' dir='ltr'>clamio</span> <span class='ocrx_word' id='word_1_179' title='bbox 1072 1440 1143 1465; x_wconf 90' lang='lat' dir='ltr'>suo</span> <span class='ocrx_word' id='word_1_180' title='bbox 1165 1433 1353 1465; x_wconf 84' lang='lat' dir='ltr'>contenta</span> <span class='ocrx_word' id='word_1_181' title='bbox 1374 1434 1465 1465; x_wconf 87' lang='lat' dir='ltr'>eant</span> <span class='ocrx_word' id='word_1_182' title='bbox 1486 1426 1580 1465; x_wconf 86' lang='lat' dir='ltr'>inde</span> <span class='ocrx_word' id='word_1_183' title='bbox 1610 1426 1694 1466; x_wconf 91' lang='lat' dir='ltr'>sine</span> <span class='ocrx_word' id='word_1_184' title='bbox 1724 1427 1800 1474; x_wconf 90' lang='lat' dir='ltr'>die,</span> 
     </span>
     <span class='ocr_line' id='line_1_20' title="bbox 210 1491 1795 1542; baseline 0.001 -13"><span class='ocrx_word' id='word_1_185' title='bbox 210 1492 318 1530; x_wconf 92' lang='lat' dir='ltr'>salvo</span> <span class='ocrx_word' id='word_1_186' title='bbox 339 1504 493 1541; x_wconf 89' lang='lat' dir='ltr'>semper</span> <span class='ocrx_word' id='word_1_187' title='bbox 511 1493 596 1541; x_wconf 82' lang='lat' dir='ltr'>jure</span> <span class='ocrx_word' id='word_1_188' title='bbox 626 1500 699 1530; x_wconf 87' lang='lat' dir='ltr'>etc.</span> <span class='ocrx_word' id='word_1_189' title='bbox 756 1494 822 1531; x_wconf 90' lang='lat' dir='ltr'>Ad</span> <span class='ocrx_word' id='word_1_190' title='bbox 842 1505 960 1542; x_wconf 87' lang='lat' dir='ltr'>quern</span> <span class='ocrx_word' id='word_1_191' title='bbox 981 1492 1089 1530; x_wconf 91' lang='lat' dir='ltr'>diem</span> <span class='ocrx_word' id='word_1_192' title='bbox 1109 1491 1216 1530; x_wconf 91' lang='lat' dir='ltr'>venit</span> <span class='ocrx_word' id='word_1_193' title='bbox 1237 1491 1435 1541; x_wconf 81' lang='lat' dir='ltr'>predictus</span> <span class='ocrx_word' id='word_1_194' title='bbox 1468 1491 1578 1530; x_wconf 84' lang='lat' dir='ltr'>Prior</span> <span class='ocrx_word' id='word_1_195' title='bbox 1594 1506 1604 1540; x_wconf 87' lang='lat'>;</span> <span class='ocrx_word' id='word_1_196' title='bbox 1634 1499 1672 1530; x_wconf 91' lang='lat' dir='ltr'>et</span> <span class='ocrx_word' id='word_1_197' title='bbox 1701 1492 1795 1542; x_wconf 88' lang='lat' dir='ltr'>quia</span> 
     </span>
     <span class='ocr_line' id='line_1_21' title="bbox 209 1556 1800 1606; baseline 0.001 -13"><span class='ocrx_word' id='word_1_198' title='bbox 209 1563 457 1606; x_wconf 86' lang='lat' dir='ltr'>compertum</span> <span class='ocrx_word' id='word_1_199' title='bbox 479 1564 536 1595; x_wconf 92' lang='lat' dir='ltr'>est</span> <span class='ocrx_word' id='word_1_200' title='bbox 557 1557 667 1606; x_wconf 88' lang='lat' dir='ltr'>quod</span> <span class='ocrx_word' id='word_1_201' title='bbox 687 1556 875 1596; x_wconf 87' lang='lat' dir='ltr'>forestarii</span> <span class='ocrx_word' id='word_1_202' title='bbox 896 1557 1041 1595; x_wconf 90' lang='lat' dir='ltr'>facient</span> <span class='ocrx_word' id='word_1_203' title='bbox 1062 1556 1189 1595; x_wconf 89' lang='lat' dir='ltr'>visum</span> <span class='ocrx_word' id='word_1_204' title='bbox 1210 1557 1261 1595; x_wconf 88' lang='lat' dir='ltr'>de</span> <span class='ocrx_word' id='word_1_205' title='bbox 1282 1556 1371 1594; x_wconf 90' lang='lat' dir='ltr'>feris</span> <span class='ocrx_word' id='word_1_206' title='bbox 1392 1556 1515 1605; x_wconf 87' lang='lat' dir='ltr'>captis</span> <span class='ocrx_word' id='word_1_207' title='bbox 1546 1557 1606 1594; x_wconf 93' lang='lat' dir='ltr'>vel</span> <span class='ocrx_word' id='word_1_208' title='bbox 1637 1557 1800 1595; x_wconf 89' lang='lat' dir='ltr'>mortuis</span> 
     </span>
     <span class='ocr_line' id='line_1_22' title="bbox 209 1620 1801 1671; baseline 0.001 -13"><span class='ocrx_word' id='word_1_209' title='bbox 209 1621 307 1659; x_wconf 87' lang='lat' dir='ltr'>infra</span> <span class='ocrx_word' id='word_1_210' title='bbox 327 1622 470 1659; x_wconf 89' lang='lat' dir='ltr'>boscos</span> <span class='ocrx_word' id='word_1_211' title='bbox 492 1634 595 1669; x_wconf 77' lang='lat' dir='ltr'>SUOS,</span> <span class='ocrx_word' id='word_1_212' title='bbox 619 1628 657 1660; x_wconf 88' lang='lat' dir='ltr'>et</span> <span class='ocrx_word' id='word_1_213' title='bbox 678 1623 786 1671; x_wconf 88' lang='lat' dir='ltr'>quod</span> <span class='ocrx_word' id='word_1_214' title='bbox 807 1623 1072 1660; x_wconf 89' lang='lat' dir='ltr'>wodewardus</span> <span class='ocrx_word' id='word_1_215' title='bbox 1094 1634 1228 1660; x_wconf 90' lang='lat' dir='ltr'>eorum</span> <span class='ocrx_word' id='word_1_216' title='bbox 1249 1620 1484 1659; x_wconf 88' lang='lat' dir='ltr'>amercietur</span> <span class='ocrx_word' id='word_1_217' title='bbox 1499 1621 1530 1659; x_wconf 93' lang='lat' dir='ltr'>si</span> <span class='ocrx_word' id='word_1_218' title='bbox 1551 1634 1632 1660; x_wconf 91' lang='lat' dir='ltr'>non</span> <span class='ocrx_word' id='word_1_219' title='bbox 1652 1621 1801 1660; x_wconf 90' lang='lat' dir='ltr'>venerit</span> 
     </span>
     <span class='ocr_line' id='line_1_23' title="bbox 211 1685 1800 1739; baseline 0.001 -15"><span class='ocrx_word' id='word_1_220' title='bbox 211 1687 262 1724; x_wconf 91' lang='lat' dir='ltr'>ad</span> <span class='ocrx_word' id='word_1_221' title='bbox 281 1685 598 1733; x_wconf 84' lang='lat' dir='ltr'>attachiamenta,</span> <span class='ocrx_word' id='word_1_222' title='bbox 621 1687 712 1725; x_wconf 87' lang='lat' dir='ltr'>ideo</span> <span class='ocrx_word' id='word_1_223' title='bbox 734 1685 847 1739; x_wconf 85' lang='lat'><em>[309]</em></span> <span class='ocrx_word' id='word_1_224' title='bbox 869 1686 990 1725; x_wconf 91' lang='lat' dir='ltr'>iidem</span> <span class='ocrx_word' id='word_1_225' title='bbox 1012 1687 1122 1726; x_wconf 89' lang='lat' dir='ltr'>Prior</span> <span class='ocrx_word' id='word_1_226' title='bbox 1152 1693 1190 1725; x_wconf 91' lang='lat' dir='ltr'>et</span> <span class='ocrx_word' id='word_1_227' title='bbox 1222 1688 1373 1724; x_wconf 88' lang='lat' dir='ltr'>Fratres</span> <span class='ocrx_word' id='word_1_228' title='bbox 1403 1687 1537 1736; x_wconf 86' lang='lat' dir='ltr'>quoad</span> <span class='ocrx_word' id='word_1_229' title='bbox 1572 1688 1649 1725; x_wconf 92' lang='lat' dir='ltr'>hoc</span> <span class='ocrx_word' id='word_1_230' title='bbox 1679 1687 1800 1725; x_wconf 88' lang='lat' dir='ltr'>nichil</span> 
     </span>
     <span class='ocr_line' id='line_1_24' title="bbox 208 1750 1382 1802; baseline 0 -13"><span class='ocrx_word' id='word_1_231' title='bbox 208 1751 376 1801; x_wconf 88' lang='lat' dir='ltr'>capiant,</span> <span class='ocrx_word' id='word_1_232' title='bbox 400 1759 458 1790; x_wconf 90' lang='lat' dir='ltr'>set</span> <span class='ocrx_word' id='word_1_233' title='bbox 479 1751 555 1790; x_wconf 90' lang='lat' dir='ltr'>sint</span> <span class='ocrx_word' id='word_1_234' title='bbox 576 1751 615 1789; x_wconf 93' lang='lat' dir='ltr'>in</span> <span class='ocrx_word' id='word_1_235' title='bbox 638 1752 906 1790; x_wconf 86' lang='lat' dir='ltr'>misericordia</span> <span class='ocrx_word' id='word_1_236' title='bbox 925 1766 996 1802; x_wconf 88' lang='lat' dir='ltr'>pro</span> <span class='ocrx_word' id='word_1_237' title='bbox 1018 1753 1115 1790; x_wconf 90' lang='lat' dir='ltr'>falso</span> <span class='ocrx_word' id='word_1_238' title='bbox 1136 1750 1279 1789; x_wconf 88' lang='lat' dir='ltr'>clamio</span> <span class='ocrx_word' id='word_1_239' title='bbox 1300 1764 1382 1789; x_wconf 92' lang='lat' dir='ltr'>suo.</span> 
     </span>
    </p>

    <p class='ocr_par' dir='ltr' id='par_1_3' title="bbox 205 1815 1799 2062">
     <span class='ocr_line' id='line_1_25' title="bbox 263 1815 1799 1866; baseline 0.001 -13"><span class='ocrx_word' id='word_1_240' title='bbox 263 1816 374 1854; x_wconf 92' lang='lat' dir='ltr'>Prior</span> <span class='ocrx_word' id='word_1_241' title='bbox 409 1816 631 1865; x_wconf 88' lang='lat' dir='ltr'>Hospitalis</span> <span class='ocrx_word' id='word_1_242' title='bbox 672 1817 804 1855; x_wconf 85' lang='lat' dir='ltr'>Sancti</span> <span class='ocrx_word' id='word_1_243' title='bbox 844 1817 1036 1866; x_wconf 87' lang='lat' dir='ltr'>Johannis</span> <span class='ocrx_word' id='word_1_244' title='bbox 1071 1816 1289 1866; x_wconf 87' lang='lat' dir='ltr'>Jerusalem</span> <span class='ocrx_word' id='word_1_245' title='bbox 1325 1815 1366 1853; x_wconf 92' lang='lat' dir='ltr'>in</span> <span class='ocrx_word' id='word_1_246' title='bbox 1401 1815 1544 1866; x_wconf 86' lang='lat' dir='ltr'>Anglia</span> <span class='ocrx_word' id='word_1_247' title='bbox 1577 1823 1616 1854; x_wconf 90' lang='lat' dir='ltr'>et</span> <span class='ocrx_word' id='word_1_248' title='bbox 1646 1818 1799 1855; x_wconf 90' lang='lat' dir='ltr'>Fratres</span> 
     </span>
     <span class='ocr_line' id='line_1_26' title="bbox 210 1879 1799 1931; baseline 0 -12"><span class='ocrx_word' id='word_1_249' title='bbox 210 1880 432 1931; x_wconf 85' lang='lat' dir='ltr'>Hospitalis</span> <span class='ocrx_word' id='word_1_250' title='bbox 480 1881 646 1931; x_wconf 89' lang='lat' dir='ltr'>predicti</span> <span class='ocrx_word' id='word_1_251' title='bbox 684 1882 856 1920; x_wconf 87' lang='lat' dir='ltr'>clamant</span> <span class='ocrx_word' id='word_1_252' title='bbox 894 1883 945 1920; x_wconf 92' lang='lat' dir='ltr'>de</span> <span class='ocrx_word' id='word_1_253' title='bbox 988 1881 1097 1920; x_wconf 89' lang='lat' dir='ltr'>terris</span> <span class='ocrx_word' id='word_1_254' title='bbox 1146 1887 1184 1918; x_wconf 90' lang='lat' dir='ltr'>et</span> <span class='ocrx_word' id='word_1_255' title='bbox 1231 1879 1468 1918; x_wconf 87' lang='lat' dir='ltr'>tenementis</span> <span class='ocrx_word' id='word_1_256' title='bbox 1517 1893 1594 1930; x_wconf 86' lang='lat' dir='ltr'>que</span> <span class='ocrx_word' id='word_1_257' title='bbox 1642 1881 1799 1919; x_wconf 88' lang='lat' dir='ltr'>fuerunt</span> 
     </span>
     <span class='ocr_line' id='line_1_27' title="bbox 209 1944 1793 1995; baseline 0 -12"><span class='ocrx_word' id='word_1_258' title='bbox 209 1945 388 1995; x_wconf 87' lang='lat' dir='ltr'>Magistri</span> <span class='ocrx_word' id='word_1_259' title='bbox 437 1953 475 1985; x_wconf 88' lang='lat' dir='ltr'>et</span> <span class='ocrx_word' id='word_1_260' title='bbox 515 1948 693 1985; x_wconf 89' lang='lat' dir='ltr'>Fratrum</span> <span class='ocrx_word' id='word_1_261' title='bbox 733 1945 881 1985; x_wconf 89' lang='lat' dir='ltr'>ordinis</span> <span class='ocrx_word' id='word_1_262' title='bbox 930 1946 1082 1984; x_wconf 91' lang='lat' dir='ltr'>Milicie</span> <span class='ocrx_word' id='word_1_263' title='bbox 1129 1944 1288 1995; x_wconf 88' lang='lat' dir='ltr'>Templi</span> <span class='ocrx_word' id='word_1_264' title='bbox 1336 1945 1376 1982; x_wconf 92' lang='lat' dir='ltr'>in</span> <span class='ocrx_word' id='word_1_265' title='bbox 1423 1945 1567 1994; x_wconf 88' lang='lat' dir='ltr'>Anglia</span> <span class='ocrx_word' id='word_1_266' title='bbox 1614 1952 1793 1995; x_wconf 86' lang='lat' dir='ltr'>ternpore</span> 
     </span>
     <span class='ocr_line' id='line_1_28' title="bbox 205 2010 1798 2062; baseline 0 -13"><span class='ocrx_word' id='word_1_267' title='bbox 205 2010 442 2049; x_wconf 91' lang='lat' dir='ltr'>cessacionis</span> <span class='ocrx_word' id='word_1_268' title='bbox 463 2019 501 2050; x_wconf 91' lang='lat' dir='ltr'>et</span> <span class='ocrx_word' id='word_1_269' title='bbox 521 2011 811 2051; x_wconf 90' lang='lat' dir='ltr'>adnullacionis</span> <span class='ocrx_word' id='word_1_270' title='bbox 833 2013 1013 2062; x_wconf 88' lang='lat' dir='ltr'>ejusdem</span> <span class='ocrx_word' id='word_1_271' title='bbox 1034 2013 1145 2062; x_wconf 85' lang='lat' dir='ltr'>quod</span> <span class='ocrx_word' id='word_1_272' title='bbox 1167 2010 1277 2050; x_wconf 90' lang='lat' dir='ltr'>bosci</span> <span class='ocrx_word' id='word_1_273' title='bbox 1297 2024 1434 2049; x_wconf 89' lang='lat' dir='ltr'>eorum</span> <span class='ocrx_word' id='word_1_274' title='bbox 1455 2012 1506 2049; x_wconf 87' lang='lat' dir='ltr'>ad</span> <span class='ocrx_word' id='word_1_275' title='bbox 1528 2010 1658 2060; x_wconf 83' lang='lat' dir='ltr'>aliqua</span> <span class='ocrx_word' id='word_1_276' title='bbox 1678 2024 1798 2061; x_wconf 89' lang='lat' dir='ltr'>opera</span> 
     </span>
    </p>
   </div>
   <div class='ocr_carea' id='block_1_3' title="bbox 196 2141 1800 3096">
    <p class='ocr_par' dir='ltr' id='par_1_4' title="bbox 196 2141 1800 2957">
     <span class='ocr_line' id='line_1_29' title="bbox 203 2141 1796 2190; baseline 0.001 -11"><span class='ocrx_word' id='word_1_277' title='bbox 203 2142 300 2180; x_wconf 90' lang='lat' dir='ltr'>fines</span> <span class='ocrx_word' id='word_1_278' title='bbox 321 2143 366 2179; x_wconf 91' lang='lat' dir='ltr'>of</span> <span class='ocrx_word' id='word_1_279' title='bbox 394 2141 494 2180; x_wconf 85' lang='lat' dir='ltr'>their</span> <span class='ocrx_word' id='word_1_280' title='bbox 515 2154 616 2186; x_wconf 86' lang='lat' dir='ltr'>rnen,</span> <span class='ocrx_word' id='word_1_281' title='bbox 641 2141 708 2179; x_wconf 89' lang='lat' dir='ltr'>the</span> <span class='ocrx_word' id='word_1_282' title='bbox 737 2142 833 2190; x_wconf 89' lang='lat' dir='ltr'>Jury</span> <span class='ocrx_word' id='word_1_283' title='bbox 867 2155 934 2190; x_wconf 89' lang='lat' dir='ltr'>say</span> <span class='ocrx_word' id='word_1_284' title='bbox 968 2142 1050 2180; x_wconf 92' lang='lat' dir='ltr'>that</span> <span class='ocrx_word' id='word_1_285' title='bbox 1080 2142 1286 2180; x_wconf 87' lang='lat' dir='ltr'>whenever</span> <span class='ocrx_word' id='word_1_286' title='bbox 1315 2141 1343 2179; x_wconf 93' lang='lat' dir='ltr'>it</span> <span class='ocrx_word' id='word_1_287' title='bbox 1373 2142 1586 2190; x_wconf 88' lang='lat' dir='ltr'>happened</span> <span class='ocrx_word' id='word_1_288' title='bbox 1615 2142 1699 2179; x_wconf 89' lang='lat' dir='ltr'>that</span> <span class='ocrx_word' id='word_1_289' title='bbox 1729 2142 1796 2180; x_wconf 87' lang='lat' dir='ltr'>the</span> 
     </span>
     <span class='ocr_line' id='line_1_30' title="bbox 202 2205 1800 2255; baseline 0 -11"><span class='ocrx_word' id='word_1_290' title='bbox 202 2206 424 2244; x_wconf 87' lang='lat' dir='ltr'>woodward</span> <span class='ocrx_word' id='word_1_291' title='bbox 453 2206 497 2244; x_wconf 92' lang='lat' dir='ltr'>of</span> <span class='ocrx_word' id='word_1_292' title='bbox 521 2206 588 2243; x_wconf 90' lang='lat' dir='ltr'>the</span> <span class='ocrx_word' id='word_1_293' title='bbox 618 2205 727 2243; x_wconf 92' lang='lat' dir='ltr'>Prior</span> <span class='ocrx_word' id='word_1_294' title='bbox 755 2206 835 2244; x_wconf 91' lang='lat' dir='ltr'>and</span> <span class='ocrx_word' id='word_1_295' title='bbox 865 2207 1056 2244; x_wconf 84' lang='lat' dir='ltr'>Brethren</span> <span class='ocrx_word' id='word_1_296' title='bbox 1087 2206 1157 2244; x_wconf 92' lang='lat' dir='ltr'>did</span> <span class='ocrx_word' id='word_1_297' title='bbox 1188 2213 1256 2244; x_wconf 91' lang='lat' dir='ltr'>not</span> <span class='ocrx_word' id='word_1_298' title='bbox 1285 2219 1431 2255; x_wconf 87' lang='lat' dir='ltr'>appear</span> <span class='ocrx_word' id='word_1_299' title='bbox 1459 2213 1499 2244; x_wconf 88' lang='lat' dir='ltr'>at</span> <span class='ocrx_word' id='word_1_300' title='bbox 1519 2207 1586 2244; x_wconf 90' lang='lat' dir='ltr'>the</span> <span class='ocrx_word' id='word_1_301' title='bbox 1608 2207 1734 2245; x_wconf 91' lang='lat' dir='ltr'>Court</span> <span class='ocrx_word' id='word_1_302' title='bbox 1754 2207 1800 2244; x_wconf 90' lang='lat' dir='ltr'>of</span> 
     </span>
     <span class='ocr_line' id='line_1_31' title="bbox 202 2270 1793 2318; baseline 0 -9"><span class='ocrx_word' id='word_1_303' title='bbox 202 2272 489 2318; x_wconf 80' lang='lat' dir='ltr'>Attachments,</span> <span class='ocrx_word' id='word_1_304' title='bbox 512 2284 553 2309; x_wconf 91' lang='lat' dir='ltr'>as</span> <span class='ocrx_word' id='word_1_305' title='bbox 575 2271 688 2309; x_wconf 92' lang='lat' dir='ltr'>other</span> <span class='ocrx_word' id='word_1_306' title='bbox 718 2271 957 2309; x_wconf 85' lang='lat' dir='ltr'>woodwards</span> <span class='ocrx_word' id='word_1_307' title='bbox 987 2272 1032 2308; x_wconf 85' lang='lat' dir='ltr'>of</span> <span class='ocrx_word' id='word_1_308' title='bbox 1055 2271 1169 2309; x_wconf 90' lang='lat' dir='ltr'>other</span> <span class='ocrx_word' id='word_1_309' title='bbox 1197 2271 1303 2308; x_wconf 92' lang='lat' dir='ltr'>lords</span> <span class='ocrx_word' id='word_1_310' title='bbox 1324 2271 1370 2308; x_wconf 91' lang='lat' dir='ltr'>of</span> <span class='ocrx_word' id='word_1_311' title='bbox 1395 2283 1551 2308; x_wconf 89' lang='lat' dir='ltr'>manors</span> <span class='ocrx_word' id='word_1_312' title='bbox 1572 2270 1705 2308; x_wconf 91' lang='lat' dir='ltr'>within</span> <span class='ocrx_word' id='word_1_313' title='bbox 1726 2271 1793 2309; x_wconf 90' lang='lat' dir='ltr'>the</span> 
     </span>
     <span class='ocr_line' id='line_1_32' title="bbox 201 2335 1795 2385; baseline -0.001 -11"><span class='ocrx_word' id='word_1_314' title='bbox 201 2337 321 2374; x_wconf 88' lang='lat' dir='ltr'>forest</span> <span class='ocrx_word' id='word_1_315' title='bbox 341 2335 421 2383; x_wconf 92' lang='lat' dir='ltr'>did,</span> <span class='ocrx_word' id='word_1_316' title='bbox 444 2337 540 2373; x_wconf 88' lang='lat' dir='ltr'>such</span> <span class='ocrx_word' id='word_1_317' title='bbox 570 2336 791 2373; x_wconf 91' lang='lat' dir='ltr'>woodward</span> <span class='ocrx_word' id='word_1_318' title='bbox 822 2348 897 2373; x_wconf 89' lang='lat' dir='ltr'>was</span> <span class='ocrx_word' id='word_1_319' title='bbox 926 2337 1065 2385; x_wconf 90' lang='lat' dir='ltr'>always</span> <span class='ocrx_word' id='word_1_320' title='bbox 1095 2335 1214 2382; x_wconf 89' lang='lat' dir='ltr'>fined,</span> <span class='ocrx_word' id='word_1_321' title='bbox 1242 2336 1322 2373; x_wconf 89' lang='lat' dir='ltr'>and</span> <span class='ocrx_word' id='word_1_322' title='bbox 1352 2336 1418 2373; x_wconf 89' lang='lat' dir='ltr'>the</span> <span class='ocrx_word' id='word_1_323' title='bbox 1449 2337 1544 2373; x_wconf 87' lang='lat' dir='ltr'>fines</span> <span class='ocrx_word' id='word_1_324' title='bbox 1574 2336 1705 2374; x_wconf 89' lang='lat' dir='ltr'>levied</span> <span class='ocrx_word' id='word_1_325' title='bbox 1734 2337 1795 2374; x_wconf 90' lang='lat' dir='ltr'>for</span> 
     </span>
     <span class='ocr_line' id='line_1_33' title="bbox 202 2400 1793 2447; baseline 0 -9"><span class='ocrx_word' id='word_1_326' title='bbox 202 2401 269 2438; x_wconf 89' lang='lat' dir='ltr'>the</span> <span class='ocrx_word' id='word_1_327' title='bbox 289 2413 358 2438; x_wconf 88' lang='lat' dir='ltr'>use</span> <span class='ocrx_word' id='word_1_328' title='bbox 379 2401 424 2438; x_wconf 94' lang='lat' dir='ltr'>of</span> <span class='ocrx_word' id='word_1_329' title='bbox 438 2401 504 2439; x_wconf 90' lang='lat' dir='ltr'>the</span> <span class='ocrx_word' id='word_1_330' title='bbox 526 2401 627 2447; x_wconf 86' lang='lat' dir='ltr'>Earl,</span> <span class='ocrx_word' id='word_1_331' title='bbox 650 2413 691 2438; x_wconf 89' lang='lat' dir='ltr'>as</span> <span class='ocrx_word' id='word_1_332' title='bbox 712 2413 810 2439; x_wconf 90' lang='lat' dir='ltr'>were</span> <span class='ocrx_word' id='word_1_333' title='bbox 846 2401 912 2439; x_wconf 91' lang='lat' dir='ltr'>the</span> <span class='ocrx_word' id='word_1_334' title='bbox 946 2401 1059 2439; x_wconf 81' lang='lat' dir='ltr'>other</span> <span class='ocrx_word' id='word_1_335' title='bbox 1092 2401 1191 2439; x_wconf 90' lang='lat' dir='ltr'>fines</span> <span class='ocrx_word' id='word_1_336' title='bbox 1227 2414 1278 2438; x_wconf 91' lang='lat' dir='ltr'>on</span> <span class='ocrx_word' id='word_1_337' title='bbox 1313 2401 1381 2439; x_wconf 91' lang='lat' dir='ltr'>the</span> <span class='ocrx_word' id='word_1_338' title='bbox 1410 2401 1524 2438; x_wconf 89' lang='lat' dir='ltr'>other</span> <span class='ocrx_word' id='word_1_339' title='bbox 1552 2400 1793 2438; x_wconf 88' lang='lat' dir='ltr'>woodwards</span> 
     </span>
     <span class='ocr_line' id='line_1_34' title="bbox 201 2464 1790 2514; baseline 0 -11"><span class='ocrx_word' id='word_1_340' title='bbox 201 2466 289 2504; x_wconf 92' lang='lat' dir='ltr'>who</span> <span class='ocrx_word' id='word_1_341' title='bbox 327 2464 394 2504; x_wconf 91' lang='lat' dir='ltr'>did</span> <span class='ocrx_word' id='word_1_342' title='bbox 429 2472 498 2503; x_wconf 86' lang='lat' dir='ltr'>not</span> <span class='ocrx_word' id='word_1_343' title='bbox 529 2478 685 2514; x_wconf 88' lang='lat' dir='ltr'>appear.</span> <span class='ocrx_word' id='word_1_344' title='bbox 750 2465 968 2514; x_wconf 88' lang='lat' dir='ltr'>Judgment</span> <span class='ocrx_word' id='word_1_345' title='bbox 1002 2464 1034 2503; x_wconf 91' lang='lat' dir='ltr'>is</span> <span class='ocrx_word' id='word_1_346' title='bbox 1068 2465 1262 2503; x_wconf 86' lang='lat' dir='ltr'>therefore</span> <span class='ocrx_word' id='word_1_347' title='bbox 1293 2465 1476 2504; x_wconf 87' lang='lat' dir='ltr'>reserved</span> <span class='ocrx_word' id='word_1_348' title='bbox 1508 2464 1608 2502; x_wconf 81' lang='lat' dir='ltr'>until</span> <span class='ocrx_word' id='word_1_349' title='bbox 1643 2465 1710 2503; x_wconf 90' lang='lat' dir='ltr'>the</span> <span class='ocrx_word' id='word_1_350' title='bbox 1745 2479 1790 2514; x_wconf 85' lang='lat'>13</span> 
     </span>
     <span class='ocr_line' id='line_1_35' title="bbox 201 2529 1793 2579; baseline 0.001 -12"><span class='ocrx_word' id='word_1_351' title='bbox 201 2531 354 2577; x_wconf 82' lang='lat' dir='ltr'>March,</span> <span class='ocrx_word' id='word_1_352' title='bbox 381 2541 492 2579; x_wconf 85' lang='lat'>1335,</span> <span class='ocrx_word' id='word_1_353' title='bbox 516 2543 622 2579; x_wconf 90' lang='lat' dir='ltr'>upon</span> <span class='ocrx_word' id='word_1_354' title='bbox 644 2530 709 2568; x_wconf 90' lang='lat' dir='ltr'>the</span> <span class='ocrx_word' id='word_1_355' title='bbox 730 2529 933 2579; x_wconf 91' lang='lat' dir='ltr'>questions</span> <span class='ocrx_word' id='word_1_356' title='bbox 953 2531 998 2568; x_wconf 89' lang='lat' dir='ltr'>of</span> <span class='ocrx_word' id='word_1_357' title='bbox 1014 2530 1080 2568; x_wconf 92' lang='lat' dir='ltr'>the</span> <span class='ocrx_word' id='word_1_358' title='bbox 1100 2531 1198 2568; x_wconf 89' lang='lat' dir='ltr'>fines</span> <span class='ocrx_word' id='word_1_359' title='bbox 1219 2543 1262 2568; x_wconf 90' lang='lat' dir='ltr'>so</span> <span class='ocrx_word' id='word_1_360' title='bbox 1283 2529 1453 2568; x_wconf 89' lang='lat' dir='ltr'>claimed</span> <span class='ocrx_word' id='word_1_361' title='bbox 1485 2530 1565 2567; x_wconf 92' lang='lat' dir='ltr'>and</span> <span class='ocrx_word' id='word_1_362' title='bbox 1599 2530 1666 2568; x_wconf 92' lang='lat' dir='ltr'>the</span> <span class='ocrx_word' id='word_1_363' title='bbox 1695 2529 1793 2568; x_wconf 91' lang='lat' dir='ltr'>view</span> 
     </span>
     <span class='ocr_line' id='line_1_36' title="bbox 199 2594 1791 2644; baseline 0 -11"><span class='ocrx_word' id='word_1_364' title='bbox 199 2596 244 2633; x_wconf 85' lang='lat' dir='ltr'>of</span> <span class='ocrx_word' id='word_1_365' title='bbox 271 2595 340 2633; x_wconf 89' lang='lat' dir='ltr'>the</span> <span class='ocrx_word' id='word_1_366' title='bbox 373 2596 566 2641; x_wconf 87' lang='lat' dir='ltr'>foresters,</span> <span class='ocrx_word' id='word_1_367' title='bbox 602 2595 681 2632; x_wconf 88' lang='lat' dir='ltr'>aud</span> <span class='ocrx_word' id='word_1_368' title='bbox 702 2595 768 2632; x_wconf 87' lang='lat' dir='ltr'>the</span> <span class='ocrx_word' id='word_1_369' title='bbox 787 2602 864 2633; x_wconf 90' lang='lat' dir='ltr'>rest</span> <span class='ocrx_word' id='word_1_370' title='bbox 885 2595 931 2632; x_wconf 92' lang='lat' dir='ltr'>of</span> <span class='ocrx_word' id='word_1_371' title='bbox 959 2595 1025 2633; x_wconf 90' lang='lat' dir='ltr'>the</span> <span class='ocrx_word' id='word_1_372' title='bbox 1045 2594 1181 2632; x_wconf 89' lang='lat' dir='ltr'>claims</span> <span class='ocrx_word' id='word_1_373' title='bbox 1203 2607 1268 2633; x_wconf 88' lang='lat' dir='ltr'>are</span> <span class='ocrx_word' id='word_1_374' title='bbox 1287 2595 1465 2633; x_wconf 89' lang='lat' dir='ltr'>allowed.</span> <span class='ocrx_word' id='word_1_375' title='bbox 1523 2595 1740 2644; x_wconf 85' lang='lat' dir='ltr'>Judgment</span> <span class='ocrx_word' id='word_1_376' title='bbox 1760 2594 1791 2633; x_wconf 93' lang='lat' dir='ltr'>is</span> 
     </span>
     <span class='ocr_line' id='line_1_37' title="bbox 199 2659 1791 2698; baseline 0 -1"><span class='ocrx_word' id='word_1_377' title='bbox 199 2660 422 2698; x_wconf 89' lang='lat' dir='ltr'>afterwards</span> <span class='ocrx_word' id='word_1_378' title='bbox 442 2659 642 2698; x_wconf 91' lang='lat' dir='ltr'>delivered</span> <span class='ocrx_word' id='word_1_379' title='bbox 662 2667 702 2697; x_wconf 90' lang='lat' dir='ltr'>to</span> <span class='ocrx_word' id='word_1_380' title='bbox 723 2660 790 2697; x_wconf 89' lang='lat' dir='ltr'>the</span> <span class='ocrx_word' id='word_1_381' title='bbox 812 2660 926 2697; x_wconf 87' lang='lat' dir='ltr'>effect</span> <span class='ocrx_word' id='word_1_382' title='bbox 946 2660 1031 2698; x_wconf 87' lang='lat' dir='ltr'>that</span> <span class='ocrx_word' id='word_1_383' title='bbox 1051 2659 1259 2697; x_wconf 88' lang='lat' dir='ltr'>inasmuch</span> <span class='ocrx_word' id='word_1_384' title='bbox 1294 2673 1335 2697; x_wconf 91' lang='lat' dir='ltr'>as</span> <span class='ocrx_word' id='word_1_385' title='bbox 1370 2659 1398 2697; x_wconf 89' lang='lat' dir='ltr'>it</span> <span class='ocrx_word' id='word_1_386' title='bbox 1433 2660 1502 2696; x_wconf 89' lang='lat' dir='ltr'>has</span> <span class='ocrx_word' id='word_1_387' title='bbox 1535 2661 1636 2697; x_wconf 88' lang='lat' dir='ltr'>been</span> <span class='ocrx_word' id='word_1_388' title='bbox 1668 2660 1791 2697; x_wconf 90' lang='lat' dir='ltr'>found</span> 
     </span>
     <span class='ocr_line' id='line_1_38' title="bbox 198 2723 1789 2763; baseline 0 -1"><span class='ocrx_word' id='word_1_389' title='bbox 198 2725 282 2762; x_wconf 89' lang='lat' dir='ltr'>that</span> <span class='ocrx_word' id='word_1_390' title='bbox 301 2724 368 2762; x_wconf 89' lang='lat' dir='ltr'>the</span> <span class='ocrx_word' id='word_1_391' title='bbox 388 2725 568 2762; x_wconf 89' lang='lat' dir='ltr'>foresters</span> <span class='ocrx_word' id='word_1_392' title='bbox 588 2725 704 2762; x_wconf 89' lang='lat' dir='ltr'>make</span> <span class='ocrx_word' id='word_1_393' title='bbox 724 2724 820 2762; x_wconf 92' lang='lat' dir='ltr'>view</span> <span class='ocrx_word' id='word_1_394' title='bbox 840 2725 884 2762; x_wconf 90' lang='lat' dir='ltr'>of</span> <span class='ocrx_word' id='word_1_395' title='bbox 909 2725 1003 2762; x_wconf 89' lang='lat' dir='ltr'>deer</span> <span class='ocrx_word' id='word_1_396' title='bbox 1037 2725 1154 2762; x_wconf 84' lang='lat' dir='ltr'>taken</span> <span class='ocrx_word' id='word_1_397' title='bbox 1188 2737 1231 2762; x_wconf 93' lang='lat' dir='ltr'>or</span> <span class='ocrx_word' id='word_1_398' title='bbox 1264 2725 1390 2763; x_wconf 87' lang='lat' dir='ltr'>found</span> <span class='ocrx_word' id='word_1_399' title='bbox 1422 2724 1525 2762; x_wconf 88' lang='lat' dir='ltr'>dead</span> <span class='ocrx_word' id='word_1_400' title='bbox 1560 2723 1693 2761; x_wconf 86' lang='lat' dir='ltr'>within</span> <span class='ocrx_word' id='word_1_401' title='bbox 1723 2724 1789 2762; x_wconf 88' lang='lat' dir='ltr'>the</span> 
     </span>
     <span class='ocr_line' id='line_1_39' title="bbox 198 2787 1790 2837; baseline -0.001 -11"><span class='ocrx_word' id='word_1_402' title='bbox 198 2788 338 2827; x_wconf 89' lang='lat' dir='ltr'>Prior&#39;s</span> <span class='ocrx_word' id='word_1_403' title='bbox 368 2789 514 2836; x_wconf 90' lang='lat' dir='ltr'>woods,</span> <span class='ocrx_word' id='word_1_404' title='bbox 544 2789 624 2827; x_wconf 89' lang='lat' dir='ltr'>and</span> <span class='ocrx_word' id='word_1_405' title='bbox 653 2789 736 2826; x_wconf 90' lang='lat' dir='ltr'>that</span> <span class='ocrx_word' id='word_1_406' title='bbox 756 2787 816 2826; x_wconf 90' lang='lat' dir='ltr'>his</span> <span class='ocrx_word' id='word_1_407' title='bbox 836 2789 1077 2827; x_wconf 88' lang='lat' dir='ltr'>woodwards</span> <span class='ocrx_word' id='word_1_408' title='bbox 1097 2801 1162 2827; x_wconf 87' lang='lat' dir='ltr'>are</span> <span class='ocrx_word' id='word_1_409' title='bbox 1183 2789 1290 2827; x_wconf 90' lang='lat' dir='ltr'>fined</span> <span class='ocrx_word' id='word_1_410' title='bbox 1310 2789 1343 2826; x_wconf 86' lang='lat' dir='ltr'>if</span> <span class='ocrx_word' id='word_1_411' title='bbox 1358 2790 1449 2837; x_wconf 86' lang='lat' dir='ltr'>they</span> <span class='ocrx_word' id='word_1_412' title='bbox 1480 2789 1533 2826; x_wconf 90' lang='lat' dir='ltr'>do</span> <span class='ocrx_word' id='word_1_413' title='bbox 1555 2795 1624 2825; x_wconf 91' lang='lat' dir='ltr'>not</span> <span class='ocrx_word' id='word_1_414' title='bbox 1645 2800 1790 2836; x_wconf 88' lang='lat' dir='ltr'>appear</span> 
     </span>
     <span class='ocr_line' id='line_1_40' title="bbox 196 2852 1792 2901; baseline -0.001 -10"><span class='ocrx_word' id='word_1_415' title='bbox 196 2860 237 2891; x_wconf 90' lang='lat' dir='ltr'>at</span> <span class='ocrx_word' id='word_1_416' title='bbox 275 2854 342 2892; x_wconf 90' lang='lat' dir='ltr'>the</span> <span class='ocrx_word' id='word_1_417' title='bbox 381 2854 505 2892; x_wconf 90' lang='lat' dir='ltr'>Court</span> <span class='ocrx_word' id='word_1_418' title='bbox 543 2854 586 2891; x_wconf 87' lang='lat' dir='ltr'>of</span> <span class='ocrx_word' id='word_1_419' title='bbox 621 2854 910 2901; x_wconf 86' lang='lat' dir='ltr'>Attachments,</span> <span class='ocrx_word' id='word_1_420' title='bbox 951 2854 1019 2892; x_wconf 90' lang='lat' dir='ltr'>the</span> <span class='ocrx_word' id='word_1_421' title='bbox 1057 2852 1193 2892; x_wconf 89' lang='lat' dir='ltr'>claims</span> <span class='ocrx_word' id='word_1_422' title='bbox 1234 2866 1274 2891; x_wconf 91' lang='lat' dir='ltr'>as</span> <span class='ocrx_word' id='word_1_423' title='bbox 1313 2861 1354 2891; x_wconf 94' lang='lat' dir='ltr'>to</span> <span class='ocrx_word' id='word_1_424' title='bbox 1384 2854 1495 2891; x_wconf 90' lang='lat' dir='ltr'>these</span> <span class='ocrx_word' id='word_1_425' title='bbox 1526 2859 1684 2890; x_wconf 87' lang='lat' dir='ltr'>matters</span> <span class='ocrx_word' id='word_1_426' title='bbox 1727 2865 1792 2890; x_wconf 90' lang='lat' dir='ltr'>are</span> 
     </span>
     <span class='ocr_line' id='line_1_41' title="bbox 200 2917 441 2957; baseline -0.012 0"><span class='ocrx_word' id='word_1_427' title='bbox 200 2917 441 2957; x_wconf 89' lang='lat' dir='ltr'>disallowed.</span> 
     </span>
    </p>

    <p class='ocr_par' dir='ltr' id='par_1_5' title="bbox 198 2980 1790 3096">
     <span class='ocr_line' id='line_1_42' title="bbox 250 2980 1790 3030; baseline -0.001 -9"><span class='ocrx_word' id='word_1_428' title='bbox 250 2983 339 3021; x_wconf 88' lang='lat' dir='ltr'>The</span> <span class='ocrx_word' id='word_1_429' title='bbox 359 2995 466 3021; x_wconf 88' lang='lat' dir='ltr'>same</span> <span class='ocrx_word' id='word_1_430' title='bbox 487 2981 596 3020; x_wconf 91' lang='lat' dir='ltr'>Prior</span> <span class='ocrx_word' id='word_1_431' title='bbox 615 2982 695 3020; x_wconf 91' lang='lat' dir='ltr'>and</span> <span class='ocrx_word' id='word_1_432' title='bbox 715 2982 908 3020; x_wconf 89' lang='lat' dir='ltr'>Brethren</span> <span class='ocrx_word' id='word_1_433' title='bbox 929 2981 1013 3020; x_wconf 91' lang='lat' dir='ltr'>also</span> <span class='ocrx_word' id='word_1_434' title='bbox 1033 2980 1149 3020; x_wconf 86' lang='lat' dir='ltr'>claim</span> <span class='ocrx_word' id='word_1_435' title='bbox 1169 2981 1253 3019; x_wconf 89' lang='lat' dir='ltr'>that</span> <span class='ocrx_word' id='word_1_436' title='bbox 1275 2982 1341 3020; x_wconf 92' lang='lat' dir='ltr'>the</span> <span class='ocrx_word' id='word_1_437' title='bbox 1362 2981 1496 3019; x_wconf 90' lang='lat' dir='ltr'>woods</span> <span class='ocrx_word' id='word_1_438' title='bbox 1526 2987 1790 3030; x_wconf 88' lang='lat' dir='ltr'>appurtenant</span> 
     </span>
     <span class='ocr_line' id='line_1_43' title="bbox 198 3044 1790 3096; baseline -0.001 -11"><span class='ocrx_word' id='word_1_439' title='bbox 198 3054 240 3086; x_wconf 92' lang='lat' dir='ltr'>to</span> <span class='ocrx_word' id='word_1_440' title='bbox 279 3048 346 3086; x_wconf 90' lang='lat' dir='ltr'>the</span> <span class='ocrx_word' id='word_1_441' title='bbox 379 3048 492 3086; x_wconf 91' lang='lat' dir='ltr'>lands</span> <span class='ocrx_word' id='word_1_442' title='bbox 526 3046 653 3086; x_wconf 89' lang='lat' dir='ltr'>which</span> <span class='ocrx_word' id='word_1_443' title='bbox 687 3047 869 3096; x_wconf 82' lang='lat' dir='ltr'>formerly</span> <span class='ocrx_word' id='word_1_444' title='bbox 901 3047 1098 3096; x_wconf 86' lang='lat' dir='ltr'>belonged</span> <span class='ocrx_word' id='word_1_445' title='bbox 1132 3054 1173 3084; x_wconf 93' lang='lat' dir='ltr'>to</span> <span class='ocrx_word' id='word_1_446' title='bbox 1202 3046 1269 3084; x_wconf 88' lang='lat' dir='ltr'>the</span> <span class='ocrx_word' id='word_1_447' title='bbox 1298 3045 1505 3094; x_wconf 87' lang='lat' dir='ltr'>Templars</span> <span class='ocrx_word' id='word_1_448' title='bbox 1546 3045 1679 3083; x_wconf 90' lang='lat' dir='ltr'>before</span> <span class='ocrx_word' id='word_1_449' title='bbox 1722 3044 1790 3083; x_wconf 86' lang='lat' dir='ltr'>the</span> 
     </span>
    </p>
   </div>
  </div>
 </body>
</html>
