2044 3491
797 193 1033 226 COUCHER
1065 193 1210 227 BOOK.
1724 198 1738 227 I
1753 199 1768 228 I
1782 198 1798 228 1

214 304 341 341 suum,
363 299 422 332 set
441 292 490 331 sit
523 292 564 331 in
594 292 862 332 misericordia
886 305 959 342 pro
993 293 1092 332 falso
1125 292 1267 331 clamio
1300 304 1382 340 SUO,
1411 299 1450 331 et
1484 291 1658 332 similiter
1692 295 1801 343 quod

213 357 321 397 idem
351 358 461 397 Prior
480 359 614 408 quoad
634 357 832 396 residuum
853 356 1083 395 clamiorum
1109 370 1270 396 suorum
1291 358 1435 398 habeat
1455 358 1553 398 illud
1573 366 1611 398 et
1631 361 1800 410 gaudeat

214 422 289 461 sibi
310 430 348 462 et
369 422 661 461 successoribus
683 422 760 461 suis
781 422 1082 472 imperpetuum,
1105 424 1212 461 salvo
1233 435 1389 472 semper
1405 424 1492 472 jure
1513 430 1585 461 etc.

268 489 471 537 Johannes
492 489 543 527 de
564 489 693 526 Melsa
713 487 824 526 miles
840 488 982 526 clamat
1002 489 1147 527 habere
1175 488 1396 527 housebote
1417 495 1455 526 et
1475 488 1634 527 haibote
1653 501 1725 538 pro
1746 502 1798 536 se,

213 552 441 591 hominibus
462 560 500 592 et
528 552 754 591 tenentibus
775 552 853 591 suis
874 553 925 591 de
946 554 1166 592 Levesham
1187 552 1227 591 in
1249 552 1379 591 boscis
1400 553 1478 591 suis
1511 553 1561 591 de
1582 554 1802 591 Levesham

214 619 431 657 secundum
454 617 614 657 assisam
635 619 788 665 foreste,
811 624 850 656 et
882 618 1028 657 habere
1060 617 1299 657 racionabile
1332 617 1566 656 estoverium
1599 618 1650 656 de
1681 617 1802 656 turbis

215 696 284 732 pro
305 696 358 730 se,
374 682 600 721 hominibus
617 689 655 721 et
671 682 895 721 tenentibus
916 682 1101 732 predictis
1122 682 1162 720 in
1183 683 1391 722 dominicis
1412 683 1491 722 suis
1512 684 1563 722 de
1583 685 1803 722 Levesham

214 746 415 794 fodiendo,
431 754 470 786 et
490 748 635 786 habere
651 747 815 797 forgiam
832 755 869 786 et
891 747 1080 786 mineram
1096 747 1184 786 ferri
1204 747 1244 785 in
1265 748 1395 787 boscis
1414 748 1493 787 suis
1506 749 1557 787 de
1571 749 1803 796 Levesham,

213 812 420 850 reddendo
450 811 543 851 inde
572 824 642 861 per
679 825 828 850 annum
868 811 1016 851 Comiti
1054 812 1106 861 ijs,
1148 819 1186 850 et
1225 813 1371 852 habere
1408 826 1542 852 aereas
1589 814 1801 861 falconum,

214 876 502 915 merlenionum
518 883 556 915 et
577 875 885 926 espervariorum
902 883 939 914 et
956 877 1034 915 mel
1050 877 1160 926 quod
1173 876 1376 915 inventum
1392 877 1561 916 fueritin
1577 878 1707 916 boscis
1724 877 1804 916 suis

214 941 265 979 de
305 942 553 989 Levesham3
600 948 639 979 et
677 942 821 979 clamat
859 940 1004 978 habere
1042 941 1330 979 wodewardum
1365 941 1405 979 in
1444 941 1576 980 boscis
1624 941 1704 980 suis
1751 943 1803 981 de

215 1006 463 1054 Levesham,
488 1013 527 1045 et
565 1005 661 1044 dicit
689 1006 799 1055 quod
827 1004 913 1054 ipse
941 1011 979 1044 et
1013 1017 1151 1044 omnes
1189 1013 1457 1045 antecessores
1487 1006 1547 1045 sui
1576 1019 1598 1045 a
1626 1013 1806 1057 tempore

214 1082 293 1119 quo
322 1083 404 1108 non
432 1077 538 1109 extat
567 1070 756 1109 memoria
775 1069 836 1107 usi
857 1076 947 1107 sunt
975 1082 1047 1119 pro
1077 1082 1129 1117 56,
1152 1069 1379 1109 hominibus
1409 1078 1447 1109 et
1477 1071 1702 1110 tenentibus
1723 1071 1803 1110 suis

213 1136 359 1174 habere
379 1136 598 1174 housebote
622 1142 660 1174 et
680 1134 839 1173 haibote
858 1133 898 1172 in
919 1133 1049 1172 boscis
1071 1133 1258 1183 predictis
1278 1142 1468 1185 tanquam
1489 1136 1732 1186 pertinencia
1753 1137 1805 1175 ad

213 1200 379 1238 liberum
409 1207 678 1239 tenementum
701 1213 813 1238 suum
833 1198 874 1237 in
895 1200 1034 1237 eadem
1047 1199 1147 1245 villa,
1166 1206 1205 1238 et
1220 1198 1396 1239 similiter
1409 1201 1552 1240 habere
1568 1201 1807 1240 racionabile

215 1264 450 1304 estoverium
473 1265 523 1303 de
543 1264 666 1303 turbis
687 1277 758 1314 pro
787 1277 839 1312 se,
861 1263 1089 1303 hominibus
1110 1271 1148 1303 et
1167 1265 1394 1303 tenentibus
1427 1264 1505 1303 suis
1536 1265 1576 1303 in
1598 1265 1807 1305 dominicis

216 1331 294 1370 suis
315 1332 365 1370 de
386 1332 605 1370 Levesham
640 1331 842 1378 fodiendo,
863 1331 947 1380 ipse
977 1337 1016 1369 et
1044 1343 1183 1370 omnes
1212 1338 1481 1369 antecessores
1511 1330 1571 1369 sui
1600 1344 1755 1381 semper
1783 1344 1806 1370 a

215 1404 394 1447 tempore
415 1409 495 1446 quo
515 1409 596 1435 non
617 1403 721 1436 extat
742 1394 933 1433 memoria
948 1394 1008 1433 usi
1024 1402 1114 1433 sunt
1128 1402 1166 1434 et
1179 1394 1311 1444 gavisi,
1335 1401 1373 1433 et
1394 1395 1489 1434 dicit
1505 1395 1681 1434 similiter
1695 1396 1808 1445 quod

216 1460 301 1511 ipse
349 1469 387 1500 et
434 1475 573 1501 omnes
612 1469 882 1500 antecessores
912 1460 970 1498 sui
999 1473 1153 1510 semper
1182 1473 1205 1498 a
1234 1467 1412 1510 tempore
1455 1472 1535 1509 quo
1579 1473 1660 1498 non
1702 1467 1807 1499 extat

216 1525 407 1565 memoria
443 1527 664 1566 habuerunt
703 1527 876 1576 forgeam
916 1532 955 1565 et
1002 1525 1193 1564 mineram
1244 1524 1333 1564 ferri
1370 1524 1411 1563 in
1449 1524 1579 1563 boscis
1627 1524 1706 1563 suis
1755 1526 1807 1565 de

219 1592 451 1639 Levesham,
493 1598 531 1630 et
568 1598 757 1641 ceperunt
790 1589 955 1629 cablicia
993 1597 1032 1629 et
1070 1590 1220 1628 siccum
1259 1590 1426 1629 boscum
1464 1589 1505 1627 in
1544 1589 1695 1628 eisdem
1734 1603 1804 1640 pro

217 1655 510 1695 sustentacione
539 1656 716 1705 ejusdem
745 1668 815 1705 per
843 1655 1042 1694 redditum
1070 1655 1305 1705 predictum,
1328 1661 1367 1694 et
1387 1653 1562 1693 similiter
1585 1655 1808 1694 habuerunt

216 1733 348 1759 aereas
370 1722 581 1768 falconum,
602 1719 890 1760 merlenionum
911 1727 948 1759 et
969 1720 1277 1769 espervariorum
1306 1727 1345 1759 et
1374 1721 1452 1758 mel
1472 1720 1582 1770 quod
1602 1719 1806 1758 inventum

217 1784 332 1824 fuerit
362 1785 402 1823 in
441 1785 591 1824 eisdem
622 1784 763 1832 boscis,
805 1791 843 1824 et
881 1783 1058 1823 similiter
1085 1784 1372 1823 wodewardum
1401 1783 1441 1822 in
1471 1784 1630 1831 eisdem,
1663 1791 1702 1822 et
1730 1785 1809 1822 hoc

218 1857 375 1900 paratus
409 1856 467 1889 est
500 1849 699 1888 verificare
741 1862 810 1900 per
852 1848 1051 1887 ministros
1094 1849 1274 1898 ejusdem
1314 1849 1458 1887 foreste
1488 1855 1559 1887 etc.
1633 1850 1685 1886 Et
1715 1848 1808 1898 quia

215 1915 369 1954 videtur
397 1914 628 1965 Justiciariis
659 1915 769 1965 quod
798 1913 1012 1964 expediens
1055 1920 1113 1952 est
1156 1920 1194 1952 et
1235 1926 1396 1952 necesse
1440 1914 1549 1963 quod
1591 1912 1809 1963 inquiratur

214 1992 284 2029 per
313 1981 476 2019 eosdem
506 1979 670 2030 qualiter
698 1978 898 2029 predictus
927 1979 1130 2028 Johannes
1151 1979 1202 2017 de
1224 1979 1352 2016 Melsa
1381 1985 1419 2017 et
1448 1985 1715 2017 antecessores
1745 1977 1806 2017 sui

215 2044 460 2084 libertatibus
481 2044 665 2095 predictis
686 2044 746 2083 usi
766 2051 868 2091 sunt,
890 2043 982 2082 ideo
1003 2042 1221 2092 inquiratur
1249 2043 1343 2081 inde
1372 2042 1512 2082 veritas
1541 2056 1611 2092 per
1640 2044 1803 2082 eosdem

215 2109 421 2148 ministros.
483 2110 562 2158 Qui
596 2109 744 2148 scilicet
771 2107 971 2155 forestarii,
989 2107 1159 2146 viridarii
1179 2115 1217 2146 et
1236 2108 1503 2157 regardatores
1523 2108 1574 2146 ad
1595 2108 1672 2146 hoc
1689 2108 1807 2158 jurati

216 2173 354 2212 dicunt
375 2186 491 2223 super
511 2181 800 2212 sacramentum
821 2186 938 2211 suum
959 2173 1070 2222 quod
1091 2172 1291 2222 predictus
1321 2173 1524 2222 Johannes
1545 2173 1596 2211 de
1618 2174 1746 2211 Melsa
1767 2180 1806 2212 et

217 2252 355 2278 omnes
385 2245 653 2278 antecessores
685 2238 745 2277 sui
776 2252 799 2278 a
832 2246 1011 2288 tempore
1045 2251 1126 2288 quo
1156 2251 1238 2277 non
1259 2245 1363 2277 extat
1384 2237 1573 2276 memoria
1593 2250 1747 2288 semper
1767 2244 1806 2277 et

216 2368 412 2408 attention
444 2376 486 2408 to
517 2369 584 2408 the
624 2368 766 2418 lawing
805 2369 851 2406 of
888 2367 990 2407 their
1022 2368 1121 2418 dogs
1153 2368 1232 2406 and
1265 2367 1397 2406 levied
1434 2368 1534 2406 fines
1572 2367 1613 2406 in
1651 2375 1805 2418 respect

216 2435 379 2473 thereos.
437 2434 653 2484 Judgment
672 2433 704 2471 is
724 2432 839 2483 given
860 2432 900 2470 in
920 2433 1166 2471 accordance
1186 2432 1277 2471 With
1298 2433 1364 2471 the
1385 2432 1545 2471 verdict.

273 2498 332 2538 Sir
352 2499 458 2549 John
479 2500 530 2537 de
547 2500 695 2537 Meaux
710 2497 846 2536 claims
866 2504 908 2536 to
928 2498 1028 2536 have
1048 2498 1269 2536 housebote
1289 2498 1369 2535 and
1388 2497 1612 2546 hedgebote
1632 2497 1691 2536 for
1710 2496 1807 2535 him-

219 2565 299 2610 self,
336 2563 395 2602 his
427 2576 519 2601 men
545 2564 624 2602 and
653 2569 808 2601 tenants
838 2563 883 2601 of
908 2562 1118 2601 Levisham
1148 2561 1189 2599 in
1218 2560 1279 2599 his
1308 2561 1442 2599 woods
1463 2562 1508 2599 of
1534 2560 1743 2599 Levisham
1764 2560 1805 2599 in

218 2629 464 2666 accordance
495 2627 587 2666 with
621 2628 689 2666 the
719 2626 841 2665 assize
875 2628 920 2665 of
945 2627 1012 2665 the
1045 2628 1177 2673 forest,
1199 2626 1280 2664 and
1312 2626 1543 2664 reasonable
1570 2633 1742 2664 estovers
1764 2627 1810 2664 of

218 2700 348 2731 turves
377 2692 419 2730 in
447 2692 507 2730 his
537 2693 746 2731 demesnes
767 2692 812 2730 of
836 2690 1046 2730 Levisham
1066 2692 1125 2730 for
1144 2690 1309 2738 himself,
1342 2690 1401 2729 his
1422 2703 1512 2729 men
1533 2692 1612 2729 and
1633 2698 1802 2738 tenants,

221 2758 302 2795 and
332 2756 535 2795 ironstone
565 2757 644 2795 and
671 2769 694 2794 a
721 2756 1032 2806 smelting-place
1052 2755 1092 2794 in
1112 2756 1172 2794 his
1192 2757 1327 2795 woods
1348 2757 1394 2794 of
1418 2755 1638 2802 Levisham,
1661 2755 1805 2805 paying

221 2829 262 2860 to
296 2822 364 2860 the
397 2822 475 2859 earl
505 2834 555 2858 an
589 2823 736 2859 annual
770 2828 856 2860 rent
890 2822 935 2859 of
966 2827 1002 2858 2S
1030 2821 1109 2859 and
1135 2820 1259 2859 aeries
1280 2821 1325 2858 of
1349 2821 1509 2868 falcons,
1533 2819 1690 2858 merlins
1724 2819 1805 2857 and

220 2886 522 2936 sparrowhawks
551 2886 630 2924 and
653 2887 848 2925 whatever
874 2886 1005 2935 honey
1025 2885 1056 2924 is
1077 2885 1203 2923 found
1223 2884 1262 2922 in
1283 2884 1343 2922 his
1364 2884 1498 2922 woods
1520 2890 1558 2921 at
1579 2882 1802 2931 Levisham,

220 2951 301 2989 and
333 2951 384 2989 he
417 2949 551 2988 claims
585 2956 626 2988 to
657 2950 757 2989 have
786 2964 810 2988 a
842 2950 1065 2989 woodward
1095 2949 1136 2988 in
1157 2949 1255 2988 such
1276 2949 1423 2987 woods.
1482 2950 1549 2986 He
1571 2947 1601 2986 is
1621 2948 1738 2997 ready
1761 2955 1803 2986 to

220 3028 340 3065 prove
369 3015 453 3054 that
482 3015 532 3054 all
561 3015 671 3054 these
700 3014 819 3065 rights
848 3015 993 3065 having
1021 3016 1123 3054 been
1158 3013 1358 3054 exercised
1389 3014 1438 3062 by
1457 3012 1620 3052 himself
1643 3013 1722 3052 and
1743 3012 1803 3052 his
