2044 3491
729 228 964 260 coucuER
997 229 1139 261 ssoox.
1676 234 1734 276 49

198 329 300 366 Item
322 334 547 377 presentant
568 328 676 377 quod
698 328 778 365 duo
807 326 916 376 porci
946 334 984 365 et
1015 327 1095 365 duo
1116 326 1235 376 hoggi
1256 340 1463 377 porcorum
1488 328 1556 378 qui
1577 330 1731 368 fuerunt

143 393 247 431 Petri
278 394 352 432 Ulf
380 392 529 431 inventi
563 393 717 430 suerunt
750 392 790 430 in
825 393 949 430 bosco
984 392 1034 430 de
1067 392 1248 430 Wicham
1284 406 1419 431 mense
1452 395 1617 433 defenso
1649 408 1729 433 non

142 457 306 508 agistati,
329 457 448 507 precii
468 457 646 495 omnium
667 458 729 506 ij.
791 458 891 495 Ideo
912 457 1018 495 idem
1041 459 1179 496 Petrus
1200 458 1466 508 respondebit.

196 524 297 561 Item
319 530 545 572 presentant
565 523 675 572 quod
705 530 782 561 tres
813 522 929 572 hoggi
955 535 1164 572 porcorum
1187 523 1255 572 qui
1275 525 1432 562 fuerunt
1454 523 1601 573 Rogeri
1620 525 1730 564 Wisk

141 586 291 625 inventi
311 588 465 625 fuerunt
486 587 525 624 in
547 587 653 625 Haia
673 588 723 625 de
744 587 884 636 Scalby
905 600 1040 626 mense
1061 587 1225 626 defenso
1247 601 1327 626 non
1348 588 1501 638 agistati
1522 590 1641 639 precii
1662 590 1727 640 iij⁵.

143 653 243 691 Ideo
264 652 370 690 idem
394 653 572 701 Rogerus
599 651 866 701 respondebit.

196 719 299 755 Item
333 724 559 766 presentant
589 718 699 766 quod
733 717 815 755 duo
848 716 997 766 pullani
1027 717 1094 767 qui
1123 718 1282 756 fuerunt
1313 718 1475 757 Ricardi
1505 718 1728 758 Richeman

140 782 289 820 inventi
311 784 464 820 fuerunt
484 781 524 819 in
547 781 653 819 Haia
673 782 723 820 de
745 783 885 831 Scalby
903 795 1038 820 mense
1060 783 1223 821 defenso
1245 796 1325 821 non
1346 783 1498 833 agistati
1519 784 1640 834 precii
1660 784 1727 834 iijs.

142 848 243 886 Ideo
263 847 367 886 idem
392 846 585 885 Ricardus
610 846 876 896 respondebit,
900 854 972 885 ete.

195 913 298 950 Item
319 917 548 960 presentant
577 911 686 960 quod
717 924 783 949 sex
812 911 922 961 porci
951 910 1020 961 qui
1049 913 1206 951 fuerunt
1235 913 1431 963 Johannis
1459 916 1560 952 Hert
1580 913 1730 953 inventi

140 977 298 1014 fuerunt
316 974 456 1028 [270b]
473 975 512 1013 in
530 984 641 1026 prato
663 977 713 1014 de
736 978 865 1026 Dalby
880 990 1015 1015 mense
1032 978 1196 1016 defenso
1213 992 1281 1028 per
1297 980 1466 1017 wardam
1485 979 1628 1018 factam
1648 992 1730 1018 non

140 1041 293 1091 agistati
313 1041 432 1091 precii
452 1041 529 1090 xijS.
589 1042 688 1079 Ideo
710 1041 815 1080 idem
838 1043 1042 1091 Johannes
1063 1044 1330 1092 respondebit.

196 1109 299 1146 Item
338 1115 564 1157 presentant
609 1108 718 1157 quod
757 1107 820 1157 viij
871 1108 981 1157 porci
1019 1108 1088 1159 qui
1127 1110 1283 1147 fuerunt
1321 1108 1505 1147 Willelmi
1545 1111 1731 1159 Latymer

141 1173 290 1212 inventi
310 1175 466 1212 fuerunt
486 1173 634 1211 ibidem
662 1187 797 1212 mense
827 1175 992 1213 defenso
1022 1188 1091 1224 per
1119 1175 1290 1212 wardam
1310 1175 1454 1213 factam
1475 1188 1556 1214 non
1577 1174 1731 1225 agistati

141 1237 262 1287 precii
281 1239 370 1288 xij.
430 1239 528 1276 Ideo
549 1237 656 1276 idem
678 1238 895 1276 Willelmus
922 1238 1189 1288 respondebit.

198 1303 299 1340 Item
320 1310 546 1352 presentant
566 1304 674 1352 quod
702 1303 879 1353 quinque
908 1304 1018 1353 porci
1043 1303 1110 1354 qui
1140 1305 1297 1342 fuerunt
1317 1303 1435 1342 Alani
1456 1304 1643 1354 prepositi
1664 1304 1731 1354 qui

142 1366 238 1405 obiit
270 1367 418 1406 inventi
449 1369 608 1406 fuerunt
642 1367 681 1406 in
715 1368 926 1407 dominicis
966 1370 1016 1407 de
1052 1370 1182 1418 Dalby
1216 1376 1395 1418 tempore
1429 1369 1617 1419 pannagii
1649 1383 1731 1408 non

141 1431 294 1482 agistati
314 1431 435 1482 precii
454 1432 690 1481 cujuslibet*
711 1434 818 1472 unde
839 1433 1008 1471 viridarii
1029 1434 1210 1483 ejusdem
1232 1435 1358 1473 warde
1379 1435 1688 1484 respondebunt.

197 1498 300 1535 Item
331 1504 559 1547 presentant
597 1499 708 1548 quod
742 1499 764 1536 1.
801 1498 911 1548 porci
946 1498 1013 1548 qui
1052 1500 1209 1537 fuerunt
1248 1498 1428 1549 Magistri
1465 1498 1647 1538 Willelmi
1681 1500 1733 1538 de

144 1561 377 1612 Pickering†
397 1561 546 1601 inventi
574 1564 728 1602 fuerunt
758 1563 797 1601 in
827 1563 1037 1602 dominicis
1069 1565 1119 1603 de
1150 1566 1309 1603 Semere
1339 1573 1517 1614 tempore
1546 1564 1732 1614 pannagii

141 1639 222 1665 non
243 1626 398 1677 agistati
427 1627 547 1677 precii
576 1628 788 1677 cujuslibet
817 1627 942 1679 xviijd‚
967 1630 1073 1668 unde
1094 1629 1315 1668 Willelmus
1338 1632 1437 1668 Brus
1459 1630 1572 1668 miles
1593 1638 1733 1668 tenens

142 1698 330 1730 terrarum
377 1699 416 1731 et
462 1700 779 1732 tenementorum
827 1706 906 1744 que
953 1695 1109 1733 fuerunt
1156 1693 1278 1745 ipsius
1326 1694 1505 1745 Magistri
1543 1694 1731 1734 Willelmi

143 1756 410 1806 respondebit.

197 1824 299 1860 Item
321 1830 546 1872 presentant
576 1824 685 1874 quod
715 1824 953 1874 Radulphus
984 1825 1119 1875 Gegge
1149 1825 1336 1874 depastus
1371 1824 1442 1863 fuit
1476 1838 1734 1863 communam

143 1888 194 1926 de
216 1889 410 1926 Ebreston
432 1902 523 1927 cum
543 1903 593 1927 xx
613 1889 851 1937 bidentibus,
873 1889 941 1928 ubi
963 1903 1044 1928 non
1065 1891 1184 1930 habet
1204 1903 1472 1929 communam.
1532 1891 1632 1929 Ideo
1653 1889 1738 1940 ipse

144 1952 184 1990 in
209 1951 484 1992 misericordia.

198 2019 301 2056 Item
330 2025 557 2067 presentant
586 2020 695 2069 quod
716 2033 818 2058 unus
839 2033 981 2070 porcus
1002 2020 1123 2070 precii
1152 2020 1195 2071 ijs
1225 2027 1263 2060 et
1284 2028 1361 2060 tres
1383 2020 1499 2071 hoggi
1521 2032 1734 2070 porcorum

144 2082 265 2132 precii
308 2082 365 2132 iijS
402 2083 469 2133 qui
516 2085 673 2122 fuerunt
719 2085 913 2134 Johannis
961 2085 1028 2123 filii
1077 2085 1245 2125 Gilberti
1292 2085 1443 2124 inventi
1491 2086 1646 2124 fuerunt
1693 2085 1734 2123 in

147 2213 192 2250 of
208 2214 324 2250 Peter
344 2213 424 2260 Ulf,
447 2212 571 2250 found
592 2211 632 2249 in
644 2212 863 2262 Wykeharn
880 2213 1019 2261 wood3
1040 2213 1149 2252 three
1166 2213 1263 2263 hogs
1276 2214 1390 2252 value
1407 2220 1456 2262 3⁵,
1475 2214 1541 2252 the
1556 2221 1740 2263 property

146 2278 191 2315 of
207 2278 340 2326 Roger
362 2276 502 2325 Wiske,
525 2277 651 2315 found
672 2276 712 2314 in
734 2278 874 2327 Scalby
897 2279 1014 2328 Hay;
1044 2284 1120 2316 two
1141 2278 1240 2316 colts
1261 2278 1374 2316 value
1397 2284 1444 2328 3⁵,
1469 2278 1535 2316 the
1556 2285 1740 2328 property

147 2343 192 2379 of
208 2341 383 2380 Richard
404 2342 638 2390 Richeman‚
662 2341 702 2380 in
723 2343 863 2393 Scalby
879 2344 998 2392 Hay3
1019 2342 1075 2381 six
1090 2342 1175 2392 pigs
1192 2343 1305 2381 value
1326 2350 1398 2390 12⁵,
1418 2343 1483 2381 the
1498 2350 1682 2393 property
1699 2344 1746 2382 Of

146 2408 253 2456 John
276 2408 388 2454 Hart,
412 2407 452 2445 in
474 2409 604 2457 Dalby
624 2409 829 2456 meadow3
850 2409 930 2447 and
950 2408 1057 2458 eight
1077 2408 1161 2459 pigs
1177 2410 1289 2447 value
1308 2410 1379 2454 16⁵,
1405 2408 1473 2447 the
1493 2416 1680 2458 property
1700 2408 1746 2446 of

147 2471 319 2510 William
350 2472 550 2522 Latimer;
583 2473 623 2511 in
647 2474 776 2524 Dalby
797 2475 1019 2521 demesnes,
1042 2475 1118 2512 five
1139 2473 1235 2524 pigS,
1259 2474 1327 2512 the
1348 2480 1530 2522 property
1564 2474 1610 2511 of
1634 2474 1738 2510 Alan

147 2537 215 2575 the
235 2538 311 2576 late
331 2550 456 2585 reeve,
479 2539 540 2576 for
560 2538 686 2577 which
710 2539 775 2577 the
795 2539 996 2577 verderers
1017 2552 1083 2577 are
1102 2537 1348 2588 responsible
1363 2551 1373 2585 ;
1402 2536 1443 2574 in
1463 2537 1529 2575 the
1551 2537 1739 2576 demesne

148 2602 264 2640 lands
285 2603 331 2640 of
354 2604 526 2649 Seamer,
549 2603 632 2653 fifty
652 2603 737 2653 pigs
771 2604 894 2641 worth
936 2610 971 2641 1¹⁵
992 2601 1036 2640 od
1065 2603 1174 2650 each,
1198 2603 1265 2641 the
1298 2608 1481 2652 property
1515 2602 1561 2643 of
1590 2603 1740 2639 Master

148 2665 318 2704 William
348 2667 399 2705 de
432 2665 625 2717 Pikering,
649 2668 707 2706 for
739 2666 864 2705 which
899 2666 960 2706 his
995 2680 1208 2715 successor,
1243 2667 1301 2705 Sir
1332 2666 1502 2704 William
1539 2668 1677 2714 Bruce,
1708 2666 1739 2704 is

150 2730 406 2779 responsible.

206 2795 338 2845 Ralph
360 2798 493 2846 Gegge
513 2797 697 2847 pastured
718 2797 784 2836 the
805 2810 992 2836 common
1014 2797 1057 2835 of
1084 2797 1307 2835 Ebberston
1329 2795 1419 2835 with
1440 2803 1584 2846 twenty
1604 2796 1737 2846 sheep,

152 2859 279 2898 where
300 2860 349 2898 he
370 2861 439 2899 has
460 2874 512 2900 no
532 2861 633 2912 right
653 2863 698 2901 of
713 2875 911 2901 common.
973 2864 1039 2901 He
1060 2862 1091 2900 is
1113 2862 1152 2900 in
1174 2875 1316 2911 mercy.

206 2924 294 2962 The
324 2923 522 2975 following
550 2925 716 2965 animals
738 2940 836 2966 were
866 2928 948 2966 also
978 2927 1103 2966 found
1132 2926 1339 2976 unagisted
1370 2925 1409 2963 in
1439 2926 1553 2971 fence
1573 2926 1740 2964 month:

127 2996 132 2999 ·
152 2987 192 3026 in
215 2989 425 3026 Allantosts
459 3001 482 3027 a
510 2988 577 3039 pig
596 2991 718 3029 worth
743 2998 789 3038 2⁵,
812 2992 891 3030 and
921 2991 1030 3030 three
1059 2991 1158 3041 hogs
1178 2991 1300 3029 worth
1330 2997 1379 3039 3⁵,
1403 2990 1469 3028 the
1500 2997 1683 3040 property
1703 2991 1749 3028 of

243 3070 257 3085 *
284 3069 353 3101 Not
371 3069 572 3103 mentioned.
831 3071 852 3107 †
876 3073 971 3104 Dean
988 3072 1025 3104 of
1044 3072 1147 3111 York,
1167 3083 1212 3104 see
1227 3072 1302 3104 Vol.
1324 3071 1387 3110 11.,
1407 3071 1506 3110 N.s.,
1527 3081 1558 3113 p.
1580 3079 1653 3112 233.

206 3135 296 3162 vot..
331 3136 404 3171 111„
437 3135 512 3164 N.s.
1558 3136 1582 3163 E
