2044 3491
219 224 276 275 76
584 231 757 264 DUCHY
789 230 850 263 OF
883 227 1171 261 LANCASTER
1203 225 1438 259 RECORDS.

328 329 478 370 Placita
497 337 605 370 tenta
624 330 731 379 apud
751 329 945 378 Pikeryng
965 339 1097 365 coram
1125 324 1284 375 prefatis
1314 323 1489 362 Ricardo
1510 322 1561 361 de
1582 320 1805 371 Wylughby

436 403 475 435 et
504 396 687 446 Johanne
711 396 762 433 de
794 394 1000 442 Hambury
1020 389 1250 442 Justiciariis
1280 397 1367 437 etc.,
1390 389 1455 428 die
1485 389 1598 426 Lune
1624 386 1806 436 proximo

436 468 527 500 ante
547 462 690 499 festum
713 457 923 498 Dominice
942 456 983 494 in
1004 455 1141 494 Ramis
1164 456 1388 493 Palmarum
1408 466 1514 492 anno
1536 451 1631 491 dicti
1651 450 1804 490 domini

438 525 559 576 Regis
581 538 686 564 nunc
707 523 948 563 duodecimo
969 529 1041 560 etc.

276 609 512 658 Preceptum
527 614 584 645 est
597 604 819 644 vicecomiti
832 603 932 642 sicut
945 601 1087 653 pluries
1102 601 1211 651 quod
1225 606 1380 650 caperet
1395 597 1526 652 [again
1540 599 1606 637 the
1621 610 1727 636 same
1741 596 1804 634 list

221 672 318 718 with
334 674 401 712 the
427 673 539 711 usual
559 668 707 723 return]
741 668 852 722 [287]
875 670 974 707 Ideo
995 667 1140 706 exactis
1160 665 1234 704 illis
1263 665 1304 703 in
1332 664 1492 703 instanti
1512 663 1650 702 itinere
1679 663 1806 713 primo

221 745 339 788 prout
358 737 477 776 moris
497 744 555 776 est
587 743 817 786 preceptum
838 742 896 773 est
916 731 1139 772 vicecomiti
1159 732 1270 781 quod
1297 729 1459 768 ulterius
1479 742 1547 768 eos
1569 728 1669 778 exigi
1691 728 1807 766 saciat

222 803 274 841 de
290 801 491 842 Comitatu
511 801 551 838 in
565 800 806 840 Comitatum
821 810 1029 849 quousque
1042 797 1260 835 secundum
1277 796 1404 844 legem
1421 802 1459 832 et
1475 793 1806 832 consuetudinem

223 875 296 906 etc.
318 868 551 917 utlagentur,
574 865 605 904 si
624 879 706 904 non
727 863 1028 914 comparuerint,
1051 870 1089 901 et
1110 862 1142 900 si
1164 859 1453 910 comparuerint
1473 866 1568 897 tunc
1589 871 1657 897 eos
1677 857 1807 907 capiat

223 940 262 971 et
282 934 390 971 salvo
410 939 497 978 etc.,
519 931 573 970 ita
593 931 702 981 quod
723 931 866 968 habeat
887 941 1051 978 corpora
1081 940 1217 967 eorum
1247 926 1311 964 hic
1339 938 1472 963 coram
1495 923 1652 974 prefatis
1686 922 1806 973 Justi-

223 997 350 1035 ciariis
371 1004 443 1035 etc.
467 996 532 1035 die
562 994 701 1033 Martis
722 993 901 1044 proximo
932 1001 1022 1043 post
1051 993 1193 1031 festum
1216 990 1482 1030 Exaltacionis
1504 991 1647 1029 Sancte
1668 988 1807 1029 Crucis

221 1063 273 1101 ad
293 1061 613 1100 satisfaciendum
634 1067 720 1107 etc,
743 1067 781 1098 et
801 1059 909 1097 unde
929 1059 1152 1097 vicecomes
1174 1055 1386 1096 retornavit
1407 1063 1478 1095 etc.

281 1174 284 1176 v
331 1180 478 1220 Placita
493 1182 600 1231 apud
615 1181 799 1231 Pikering
815 1187 923 1219 tenta
936 1193 1069 1220 coram
1086 1179 1244 1231 prefatis
1266 1180 1443 1219 Ricardo
1459 1180 1509 1218 de
1529 1177 1750 1229 Wylughby
1771 1183 1809 1215 et

435 1247 619 1296 Johanne
652 1248 703 1286 de
739 1247 948 1295 Hambury
980 1246 1210 1296 Justiciariis
1245 1254 1331 1294 etc.,
1355 1245 1420 1284 die
1455 1244 1595 1283 Martis
1628 1242 1809 1293 proximo

436 1318 526 1360 post
546 1312 687 1349 festum
709 1310 961 1349 exaltacionis
983 1312 1127 1349 Sancte
1147 1310 1286 1349 Crucis
1307 1322 1412 1348 anno
1433 1308 1670 1358 supradicto.

276 1392 510 1441 Preceptum
526 1391 597 1430 suit
613 1391 836 1431 vicecomiti
853 1393 962 1442 quod
978 1391 1079 1442 exigi
1092 1393 1236 1431 faceret
1253 1389 1384 1444 [again
1400 1391 1466 1429 the
1481 1404 1587 1429 same
1599 1388 1679 1442 list]
1695 1387 1807 1442 [288]

221 1456 272 1495 de
303 1456 503 1496 Comitatu
533 1456 574 1494 in
608 1456 852 1496 Comitatum
888 1471 1096 1507 quousque
1126 1465 1198 1496 etc.
1230 1458 1498 1506 ultagarentur
1526 1455 1558 1494 si
1588 1468 1669 1494 non
1705 1468 1811 1493 com-

221 1527 411 1570 parerent,
426 1520 510 1559 etsi
526 1529 797 1571 comparerent
810 1530 905 1561 tunc
919 1535 987 1561 eos
1001 1529 1157 1572 caperet
1173 1529 1211 1560 et
1228 1523 1335 1560 salvo
1353 1529 1438 1568 etc.‚
1454 1521 1507 1559 ita
1523 1521 1632 1570 quod
1648 1521 1811 1560 haberet

220 1598 384 1635 corpora
405 1598 540 1624 eorum
562 1585 627 1624 hic
647 1587 698 1625 ad
718 1587 825 1625 hunc
845 1587 952 1625 diem
972 1588 1023 1625 ad
1055 1586 1375 1626 satisfaciendum
1405 1586 1569 1626 domino
1591 1585 1740 1626 Comiti
1760 1587 1811 1624 de

219 1650 501 1699 redempcione
534 1664 604 1689 sua
634 1665 706 1701 pro
745 1651 1052 1701 transgressione
1085 1651 1313 1690 venacionis
1347 1653 1455 1690 unde
1486 1665 1619 1690 coram
1653 1650 1810 1700 prefatis

219 1715 452 1765 Justiciariis
472 1729 541 1765 per
561 1716 796 1764 forestarios,
819 1716 1022 1755 viridarios
1044 1724 1082 1755 et
1103 1717 1199 1755 alios
1234 1716 1432 1755 ministros
1454 1715 1627 1754 convicti
1648 1723 1749 1763 sunt,
1773 1723 1812 1754 et

220 1779 455 1827 vicecomes,
479 1780 628 1820 scilicet
660 1782 897 1831 Radulphus
931 1783 981 1820 de
1016 1784 1252 1831 Hastynges‚
1289 1781 1500 1820 retornavit
1531 1782 1640 1831 quod
1669 1780 1812 1820 virtute

220 1845 339 1894 hujus
354 1844 482 1884 brevis
498 1854 588 1895 post
604 1859 720 1896 quam
735 1846 900 1896 predicti
916 1845 1047 1899 [again
1063 1848 1130 1885 the
1152 1860 1260 1885 same
1273 1845 1352 1899 list]
1375 1845 1490 1900 [289]
1507 1846 1633 1885 exacti
1654 1847 1811 1885 fuerunt

220 1909 349 1958 primo
368 1909 409 1948 in
438 1909 577 1949 itinere
605 1912 748 1949 foreste
779 1912 829 1949 de
864 1911 1062 1961 Pikeryng
1084 1919 1123 1950 et
1154 1924 1235 1949 non
1266 1919 1582 1962 comparuerunt,
1605 1913 1656 1950 ad
1680 1911 1811 1951 Corni-

219 1981 344 2012 tatum
376 1975 671 2014 Eboracensem
705 1983 860 2014 tentum
896 1976 961 2014 die
1000 1978 1114 2015 Lune
1153 1977 1332 2026 proximo
1370 1985 1461 2015 ante
1499 1978 1643 2015 festum
1686 1975 1811 2014 sancti

221 2039 424 2089 Gregorii*
445 2053 551 2079 anno
572 2041 799 2091 supradicto
819 2041 985 2091 predicti
1001 2042 1201 2081 Robertus
1216 2043 1266 2081 de
1288 2041 1495 2082 Chibourn
1512 2050 1549 2080 et
1564 2041 1629 2079 alii
1645 2041 1684 2087 in
1701 2040 1811 2079 brevi

327 2172 441 2210 Pleas
471 2171 563 2209 held
605 2177 644 2209 at
685 2169 892 2220 Pickering
933 2183 986 2209 on
1030 2171 1220 2220 Monday,
1253 2183 1299 2219 31
1345 2170 1498 2217 March,
1533 2171 1646 2219 1338,
1678 2171 1812 2209 before

434 2235 611 2273 Richard
631 2236 681 2273 de
701 2237 750 2272 W
752 2235 956 2285 illoughby
975 2236 1054 2274 and
1074 2236 1181 2285 John
1202 2236 1252 2274 de
1275 2235 1495 2285 Hambury.

273 2315 361 2354 The
381 2316 575 2354 offenders
596 2315 740 2365 having
759 2317 862 2354 been
883 2323 953 2365 put
974 2315 1014 2353 in
1041 2315 1196 2366 exigent
1216 2315 1256 2353 in
1277 2316 1344 2354 the
1364 2323 1523 2365 present
1542 2317 1643 2365 Eyre
1671 2329 1714 2354 as
1743 2317 1811 2355 the

219 2386 375 2417 custom
395 2379 438 2427 is,
461 2381 527 2419 the
549 2380 693 2418 Sheriff
715 2379 747 2418 is
768 2381 936 2418 ordered
965 2381 1112 2419 further
1139 2389 1180 2419 to
1209 2387 1281 2430 put
1309 2381 1417 2418 them
1450 2379 1490 2417 in
1524 2379 1679 2430 exigent
1710 2382 1811 2419 from

221 2445 378 2493 County
400 2446 522 2483 Court
542 2451 583 2482 to
605 2446 764 2493 County
784 2445 919 2491 Court,
942 2445 1154 2494 according
1183 2452 1224 2483 to
1254 2445 1326 2482 law
1354 2445 1432 2482 and
1463 2451 1629 2491 custom,
1653 2457 1697 2483 so
1726 2446 1811 2484 that

219 2509 312 2557 they
332 2509 382 2547 be
402 2509 596 2547 outlawed
616 2508 647 2546 if
665 2509 754 2558 they
775 2509 828 2547 do
848 2515 919 2547 not
938 2522 1093 2558 appear,
1116 2510 1186 2548 but
1207 2509 1240 2546 if
1262 2509 1355 2558 they
1375 2509 1428 2547 do
1448 2521 1594 2558 appear
1623 2509 1715 2558 they
1743 2522 1809 2548 are

219 2579 261 2611 to
282 2573 331 2611 be
351 2574 556 2623 produced
576 2574 668 2612 here
689 2586 742 2612 on
761 2574 959 2624 Tuesday,
980 2584 1024 2623 15
1049 2574 1291 2623 September,
1317 2576 1430 2623 1338.

328 2692 441 2730 Pleas
470 2692 564 2730 held
592 2698 632 2730 at
661 2691 868 2742 Pickering
897 2705 950 2730 on
979 2693 1177 2743 Tuesday,
1203 2704 1246 2743 15
1272 2693 1513 2743 September,
1541 2696 1654 2744 1338,
1677 2695 1811 2734 before

434 2756 610 2795 Richard
630 2757 680 2795 de
699 2756 950 2807 Willoughby
968 2758 1049 2796 and
1068 2758 1175 2807 John
1195 2759 1246 2797 de
1268 2759 1484 2808 Hambury.

274 2837 408 2887 Ralph
447 2838 498 2876 de
537 2836 741 2887 Hastings,
780 2838 847 2876 the
881 2837 1030 2884 Sheriff,
1063 2839 1261 2887 appeared
1298 2839 1378 2877 and
1421 2840 1538 2879 made
1571 2839 1631 2878 his
1665 2847 1810 2888 return,

221 2902 387 2951 namely,
409 2902 493 2940 that
512 2903 579 2941 the
599 2903 795 2941 offenders
815 2915 914 2941 were
934 2910 1004 2952 put
1023 2901 1064 2940 in
1085 2902 1240 2953 exigent
1261 2903 1327 2942 the
1347 2904 1426 2942 first
1446 2904 1540 2943 time
1560 2904 1601 2942 in
1622 2906 1688 2944 the
1706 2907 1808 2954 Eyre

220 2971 260 3003 at
282 2965 488 3017 Pickering
507 2967 586 3006 and
606 2966 675 3005 did
696 2974 766 3005 not
785 2980 940 3016 appear,
964 2968 1030 3006 the
1051 2968 1200 3006 second
1222 2966 1314 3006 time
1334 2975 1372 3006 at
1402 2969 1469 3008 the
1499 2970 1656 3019 County
1686 2970 1809 3009 Court

562 3048 576 3063 *
603 3047 684 3079 This
700 3047 776 3080 date
792 3047 819 3079 is
835 3047 997 3089 probably
1012 3058 1031 3079 a
1049 3047 1246 3089 misreading
1263 3047 1312 3079 for
1331 3048 1478 3090 Georgii.
