2044 3491
262 226 319 268 80
628 233 801 267 DUCHY
833 233 895 265 OF
927 231 1217 264 LANCASTER
1249 230 1484 263 RECORDS.

260 336 455 374 confrates
475 332 595 383 ipsius
617 331 771 380 Prioris,
800 344 899 382 quos
932 330 1040 370 idem
1071 330 1182 369 Prior
1214 328 1424 368 attornavit
1453 340 1586 367 coram
1615 326 1729 366 nobis
1759 328 1851 366 loco

262 413 335 438 suo
356 400 428 438 sub
448 397 713 437 alternacione
732 398 784 436 ad
803 397 1037 435 lucrandum
1057 396 1120 433 vel
1149 394 1399 444 perdendum
1419 392 1459 431 in
1480 391 1663 431 omnibus
1698 391 1851 442 placitis

263 471 302 503 et
323 463 491 514 querelis
512 463 629 502 motis
648 463 710 501 vel
739 461 944 500 movendis
974 474 1045 511 pro
1073 459 1159 510 ipso
1192 459 1325 497 Priore
1345 459 1406 496 vel
1435 465 1571 496 contra
1591 458 1719 507 ipsum
1741 463 1780 495 et
1799 457 1851 495 ad

263 528 460 567 libertates
490 541 579 566 suas
609 526 945 576 calumpniandas,
967 524 1260 574 persequendas
1282 530 1320 561 et
1340 523 1612 561 defendendas
1632 521 1673 559 in
1694 521 1852 571 quibus-

263 606 435 643 cumque
456 592 584 632 Curiis
606 591 759 642 Anglie,
781 591 844 629 vel
864 603 1000 628 eorum
1020 590 1117 627 alter
1137 601 1253 638 quern
1285 594 1509 637 presentem
1539 600 1624 625 esse
1645 586 1852 636 contigerit

264 659 355 696 1000
375 657 497 708 ipsius
531 655 673 695 Prioris
705 656 831 693 facere
865 653 1018 704 possint
1036 654 1099 692 vel
1129 652 1252 703 possit
1287 659 1502 690 attornatos
1523 653 1585 690 vel
1613 658 1853 689 attornatum

263 736 363 773 quos
384 724 445 761 vel
466 735 585 772 quem
605 720 799 760 voluerint
818 721 881 758 vel
900 718 1067 757 voluerit
1087 718 1127 756 in
1148 717 1467 767 quibuscumque
1489 716 1617 755 Curiis
1638 715 1780 765 Anglie
1800 715 1853 752 ad

263 787 398 826 omnia
430 787 606 837 predicta
639 784 782 835 placita
820 791 858 822 et
878 785 1057 834 querelas
1091 783 1368 833 persequenda
1399 789 1438 820 et
1469 781 1724 819 defendenda
1743 786 1782 818 et
1802 779 1853 817 ad

264 851 497 889 lucrandum
518 851 578 888 vel
600 849 845 899 perdendum
866 847 907 885 in
928 847 1090 894 eisdem,
1105 860 1263 885 necnon
1279 847 1330 884 ad
1350 845 1548 884 libertates
1570 857 1658 883 suas
1680 845 1855 893 calump-

264 915 441 963 niandas,
464 915 757 965 persequendas
786 920 825 951 et
859 913 1133 951 defendendas
1163 911 1264 950 sicut
1298 911 1519 961 predictum
1541 917 1608 948 est.
1669 910 1718 947 In
1739 909 1853 957 cujus

264 979 320 1018 rei
339 979 610 1018 testimonium
630 979 700 1016 has
721 978 850 1016 literas
871 984 1023 1015 nostras
1044 976 1126 1015 fieri
1146 976 1312 1014 fecimus
1342 982 1522 1024 patentes
1551 987 1621 1024 per
1650 971 1853 1012 biennium

264 1046 479 1083 duraturas.
537 1046 582 1082 T.
606 1056 670 1082 me
691 1043 776 1092 ipso
797 1042 904 1091 apud
926 1043 1169 1091 Wyndesore
1198 1041 1298 1089 xxvij
1323 1040 1387 1078 die
1417 1040 1597 1079 Octobus
1618 1051 1723 1076 anno
1743 1036 1855 1087 regni

264 1109 388 1148 nostri
417 1108 595 1159 septimo.
656 1110 840 1146 Pretextu
865 1107 976 1155 cujus
1012 1106 1139 1144 brevis
1171 1105 1278 1143 idem
1313 1106 1428 1143 frater
1458 1104 1594 1143 Simon
1624 1102 1736 1153 ponit
1764 1103 1855 1140 loco

264 1173 384 1224 ipsius
406 1172 549 1212 Prioris
569 1173 766 1211 Thomam
785 1170 817 1224 [?
840 1169 948 1223 Bret]
969 1171 1030 1209 vel
1051 1171 1263 1208 Walterum
1285 1171 1335 1208 de
1355 1169 1554 1219 Trusseby
1575 1166 1609 1220 [Ρ
1628 1165 1855 1219 Trusseley]

265 1239 306 1276 in
327 1238 511 1277 omnibus
532 1237 684 1287 placitis
705 1244 743 1275 et
764 1235 935 1286 querelis
957 1234 1074 1273 motis
1094 1236 1156 1273 vel
1186 1234 1392 1272 movendis
1423 1247 1493 1283 pro
1522 1232 1700 1283 predicto
1722 1231 1856 1270 Priore

263 1305 326 1343 vel
354 1311 490 1342 contra
522 1302 663 1352 ipsum,
695 1314 853 1340 necnon
887 1301 939 1338 ad
972 1299 1171 1338 libertates
1202 1300 1381 1348 ejusdem
1411 1298 1554 1337 Prioris
1586 1296 1855 1347 calumpnian-

265 1369 346 1417 das,
369 1368 660 1418 persequendas
682 1374 720 1405 et
740 1365 1012 1404 defendendas
1035 1365 1203 1402 durante
1224 1363 1361 1402 itinere
1382 1363 1490 1402 istius
1511 1365 1662 1402 foreste.

318 1431 504 1470 Priorissa
525 1432 574 1470 de
596 1431 820 1470 Roscedale
841 1429 952 1480 ponit
972 1430 1062 1467 1000
1083 1441 1154 1467 suo
1172 1429 1369 1466 Thomam
1393 1430 1487 1467 Bret
1507 1429 1570 1467 vel
1592 1425 1855 1466 Laurencium

264 1498 315 1536 de
336 1497 531 1536 Neuton*
562 1528 570 1536 .
604 1527 611 1535 .
644 1527 651 1535 .
687 1527 695 1535 .

319 1561 507 1600 Priorissa
531 1562 581 1601 de
602 1561 795 1611 Wykham
816 1559 928 1610 ponit
949 1561 1037 1598 1000
1059 1572 1131 1598 suo
1152 1560 1352 1597 Thomam
1375 1559 1498 1603 Bret†
1513 1559 1574 1598 vel
1593 1556 1854 1596 Laurencium

264 1628 315 1666 de
337 1629 499 1665 Neuton
528 1657 534 1664 .
569 1656 577 1664 .
609 1657 617 1665 .
652 1657 659 1665 .

319 1690 459 1744 [290b]
490 1690 678 1730 Priorissa
709 1691 759 1729 de
791 1690 1030 1740 Yetingham
1062 1688 1174 1740 ponit
1208 1690 1298 1728 loco
1331 1702 1402 1728 suo
1435 1690 1633 1728 Thomam
1669 1689 1761 1726 Bret
1795 1686 1877 1725 vel‘

267 1756 528 1795 Laurencium
551 1757 601 1794 de
623 1757 785 1794 Neuton
813 1785 820 1793 .
855 1785 863 1793 .
895 1785 903 1793 .
936 1785 944 1793 .

320 1821 496 1860 Matildis
519 1823 642 1870 Bruys
662 1820 775 1869 ponit
796 1821 885 1858 loco
907 1833 978 1858 suo
1001 1820 1222 1857 Robertum
1243 1821 1368 1869 Bruys
1398 1849 1406 1858 .
1440 1849 1446 1857 .
1482 1851 1489 1858 .
1523 1850 1530 1857 .

318 1886 531 1925 Petronilla
551 1887 601 1924 de
634 1885 845 1934 Kynthorp
879 1883 991 1934 ponit
1025 1885 1114 1922 loco
1147 1897 1219 1922 suo
1255 1885 1515 1922 Edmundum
1546 1884 1596 1922 de
1627 1884 1856 1932 Hastynges

261 1950 459 2001 juniorem
489 1981 495 1989 .
528 1980 535 1989 .
569 1980 577 1988 .
610 1980 618 1988 .
650 1956 688 1988 et
709 1948 835 1988 eciam
864 1949 915 1986 ad
949 1947 1202 1987 serviendum
1236 1961 1305 1998 pro
1340 1947 1425 1998 ipsa
1453 1947 1494 1985 in
1515 1947 1644 1986 officio
1665 1945 1857 1985 forestarii

265 2016 316 2054 de
336 2016 455 2054 feodo
483 2014 521 2052 in
543 2015 687 2053 foresta
707 2014 758 2052 de
780 2013 988 2062 Pikeryng.

318 2080 495 2118 Thomas
516 2079 567 2117 de
588 2078 784 2128 Pikeryng
805 2077 917 2128 ponit
937 2078 1027 2115 loco
1048 2090 1120 2115 suo
1142 2078 1364 2116 Robertum
1385 2079 1509 2127 Bruys
1541 2107 1548 2115 .

266 2230 467 2276 Falconer,
482 2228 613 2267 whom
631 2228 682 2265 he
697 2228 768 2265 has
783 2226 1001 2277 appointed
1019 2240 1060 2265 as
1076 2226 1136 2265 his
1152 2225 1351 2273 attornies,
1370 2233 1411 2265 to
1429 2239 1574 2276 appear
1589 2224 1857 2275 alternatively

265 2295 399 2332 before
419 2292 501 2330 him
522 2291 563 2329 in
583 2291 644 2329 his
665 2292 779 2341 place
800 2292 859 2329 for
879 2291 969 2340 gain
991 2304 1035 2329 or
1055 2292 1145 2338 loss,
1160 2290 1201 2328 in
1215 2292 1266 2328 all
1288 2292 1395 2340 pleas
1408 2291 1487 2329 and
1503 2289 1739 2339 complaints
1755 2302 1860 2328 com-

267 2357 437 2396 menced
458 2369 501 2395 or
533 2362 573 2394 to
607 2357 657 2394 be
690 2356 953 2393 commenced
987 2368 1040 2393 on
1072 2355 1132 2393 his
1167 2355 1304 2393 behalf
1331 2367 1375 2392 or
1408 2354 1557 2404 against
1587 2354 1680 2401 him,
1705 2354 1784 2392 and
1817 2360 1860 2392 to

266 2422 393 2469 claim,
413 2427 630 2470 prosecute,
649 2420 729 2458 and
750 2420 898 2458 defend
918 2419 978 2458 his
999 2419 1172 2458 liberties
1188 2419 1228 2457 in
1244 2419 1296 2457 all
1312 2420 1455 2457 Courts
1472 2419 1512 2456 in
1527 2419 1724 2468 England,
1742 2431 1786 2456 or
1802 2419 1860 2456 for

269 2486 394 2524 either
414 2486 458 2523 of
487 2485 596 2523 them
618 2485 704 2523 who
725 2497 813 2533 may
835 2485 988 2522 chance
1009 2491 1050 2523 to
1070 2485 1121 2523 be
1143 2490 1300 2533 present
1321 2490 1362 2521 to
1382 2483 1547 2533 appoint
1575 2496 1650 2532 any
1680 2490 1860 2532 attorney

268 2563 312 2589 or
331 2549 530 2597 attornies,
553 2549 683 2587 whom
704 2550 798 2598 they
817 2548 902 2596 will,
925 2548 967 2586 in
987 2549 1054 2587 the
1077 2548 1189 2598 place
1210 2548 1254 2585 of
1270 2548 1337 2586 the
1358 2547 1468 2585 Prior
1489 2554 1531 2586 to
1551 2553 1759 2597 prosecute
1779 2548 1860 2586 and

269 2614 417 2653 defend
436 2614 496 2651 for
515 2612 605 2663 gain
626 2626 670 2651 or
688 2614 780 2660 loss,
802 2614 854 2650 all
870 2613 937 2652 the
957 2612 1041 2651 said
1061 2613 1171 2663 pleas
1191 2613 1270 2650 and
1290 2611 1538 2662 complaints,
1560 2612 1639 2650 and
1658 2618 1699 2650 to
1729 2611 1857 2660 claim,

267 2685 487 2729 prosecute,
511 2678 590 2716 and
611 2678 757 2716 defend
790 2676 851 2715 his
884 2677 1068 2716 liberties.
1126 2677 1215 2715 The
1246 2677 1379 2715 letters
1414 2683 1549 2726 patent
1581 2688 1681 2715 were
1714 2682 1756 2715 to
1785 2677 1859 2715 last

268 2750 345 2781 two
366 2755 486 2793 years,
509 2742 589 2780 and
610 2754 708 2780 were
729 2742 850 2780 dated
870 2742 1065 2790 Windsor,
1090 2742 1183 2790 27th
1204 2741 1390 2788 October,
1418 2754 1529 2790 1333.

325 2805 430 2860 [The
450 2805 723 2857 appointment
744 2807 787 2845 of
803 2806 989 2845 attornies
1005 2806 1144 2856 hardly
1163 2806 1287 2844 needs
1308 2803 1571 2858 translation]

313 2904 328 2920 *
356 2904 482 2945 Except
497 2903 568 2935 that
585 2902 804 2944 occasionally
819 2903 876 2935 the
896 2903 1004 2935 words
1030 2913 1090 2944 pro
1118 2902 1190 2944 ipso
1206 2903 1258 2934 vel
1285 2906 1399 2935 contra
1425 2903 1534 2945 ipsum
1562 2914 1617 2935 are
1632 2903 1776 2935 inserted
1792 2902 1858 2934 and

270 2955 489 2996 occasionally
505 2955 656 2993 omitted,
675 2955 730 2986 the
746 2965 857 2996 power
873 2954 910 2986 of
928 2958 1080 2996 attorney
1095 2954 1224 2986 follows
1240 2955 1295 2986 the
1312 2955 1395 2986 form
1412 2955 1481 2987 first
1498 2955 1638 2987 written.

313 3007 334 3042 †
358 3006 435 3037 Rot.
463 3006 533 3037 Pat.
566 3006 586 3037 6
614 3006 676 3038 Ed.
706 3006 788 3045 111.‚
807 3010 853 3047 pt.
875 3014 904 3046 3,
930 3016 974 3037 m.
1003 3011 1032 3044 7,
1061 3016 1104 3037 an
1128 3006 1318 3047 exemption
1346 3006 1429 3039 from
1457 3006 1571 3048 sitting
1597 3016 1640 3038 on
1664 3004 1765 3046 juries
1792 3015 1859 3037 was

271 3057 408 3096 granted
425 3060 458 3089 to
474 3057 620 3089 Thomas
637 3058 760 3096 Brette,
780 3057 817 3090 of
837 3058 1032 3098 Brompton.
