<?xml version="1.0" encoding="UTF-8"?>
<!DOCTYPE html PUBLIC "-//W3C//DTD XHTML 1.0 Transitional//EN"
    "http://www.w3.org/TR/xhtml1/DTD/xhtml1-transitional.dtd">
<html xmlns="http://www.w3.org/1999/xhtml" xml:lang="en" lang="en">
 <head>
  <title>
</title>
<meta http-equiv="Content-Type" content="text/html;charset=utf-8" />
  <meta name='ocr-system' content='tesseract 3.04.00' />
  <meta name='ocr-capabilities' content='ocr_page ocr_carea ocr_par ocr_line ocrx_word'/>
</head>
<body>
  <div class='ocr_page' id='page_1' title='image "./honorforestofpic03turt_0125.png"; bbox 0 0 2044 3491; ppageno 0'>
   <div class='ocr_carea' id='block_1_1' title="bbox 815 250 1812 300">
    <p class='ocr_par' dir='ltr' id='par_1_1' title="bbox 815 250 1812 300">
     <span class='ocr_line' id='line_1_1' title="bbox 815 250 1812 300; baseline 0.004 -16"><span class='ocrx_word' id='word_1_1' title='bbox 815 253 1051 286; x_wconf 85' lang='lat' dir='ltr'>COUCHER</span> <span class='ocrx_word' id='word_1_2' title='bbox 1082 254 1223 286; x_wconf 86' lang='lat' dir='ltr'>BOOK.</span> <span class='ocrx_word' id='word_1_3' title='bbox 1759 250 1812 300; x_wconf 90' lang='lat'><strong>87</strong></span> 
     </span>
    </p>
   </div>
   <div class='ocr_carea' id='block_1_2' title="bbox 211 349 1808 2144">
    <p class='ocr_par' dir='ltr' id='par_1_2' title="bbox 211 349 1808 2144">
     <span class='ocr_line' id='line_1_2' title="bbox 217 349 1808 401; baseline 0.003 -15"><span class='ocrx_word' id='word_1_4' title='bbox 217 349 438 400; x_wconf 87' lang='lat' dir='ltr'><strong>percipiens</strong></span> <span class='ocrx_word' id='word_1_5' title='bbox 483 350 646 401; x_wconf 86' lang='lat' dir='ltr'><strong>quidam</strong></span> <span class='ocrx_word' id='word_1_6' title='bbox 694 350 897 399; x_wconf 87' lang='lat' dir='ltr'><strong>Johannes</strong></span> <span class='ocrx_word' id='word_1_7' title='bbox 945 351 995 388; x_wconf 93' lang='lat' dir='ltr'><strong>de</strong></span> <span class='ocrx_word' id='word_1_8' title='bbox 1044 351 1229 388; x_wconf 89' lang='lat' dir='ltr'><strong>Bulmere</strong></span> <span class='ocrx_word' id='word_1_9' title='bbox 1277 350 1441 388; x_wconf 89' lang='lat' dir='ltr'><strong>accessit</strong></span> <span class='ocrx_word' id='word_1_10' title='bbox 1488 351 1539 388; x_wconf 91' lang='lat' dir='ltr'><strong>ad</strong></span> <span class='ocrx_word' id='word_1_11' title='bbox 1587 351 1808 400; x_wconf 89' lang='lat' dir='ltr'><strong>predictum</strong></span> 
     </span>
     <span class='ocr_line' id='line_1_3' title="bbox 214 413 1808 464; baseline 0.002 -14"><span class='ocrx_word' id='word_1_12' title='bbox 214 414 414 452; x_wconf 88' lang='lat' dir='ltr'><strong>Thomam</strong></span> <span class='ocrx_word' id='word_1_13' title='bbox 447 415 647 454; x_wconf 82' lang='lat' dir='ltr'>Comitem</span> <span class='ocrx_word' id='word_1_14' title='bbox 679 415 814 453; x_wconf 89' lang='lat' dir='ltr'><strong>dando</strong></span> <span class='ocrx_word' id='word_1_15' title='bbox 846 414 882 453; x_wconf 91' lang='lat' dir='ltr'><strong>ei</strong></span> <span class='ocrx_word' id='word_1_16' title='bbox 914 414 1078 463; x_wconf 83' lang='lat' dir='ltr'>intelligi</span> <span class='ocrx_word' id='word_1_17' title='bbox 1108 421 1332 463; x_wconf 88' lang='lat' dir='ltr'><strong>purpartem</strong></span> <span class='ocrx_word' id='word_1_18' title='bbox 1363 413 1465 452; x_wconf 88' lang='lat' dir='ltr'><strong>illius</strong></span> <span class='ocrx_word' id='word_1_19' title='bbox 1496 414 1696 453; x_wconf 83' lang='lat' dir='ltr'><strong>forestarie</strong></span> <span class='ocrx_word' id='word_1_20' title='bbox 1720 417 1808 464; x_wconf 90' lang='lat' dir='ltr'><strong>jure</strong></span> 
     </span>
     <span class='ocr_line' id='line_1_4' title="bbox 213 478 1804 529; baseline 0.003 -15"><span class='ocrx_word' id='word_1_21' title='bbox 213 478 450 517; x_wconf 87' lang='lat' dir='ltr'><strong>hereditario</strong></span> <span class='ocrx_word' id='word_1_22' title='bbox 479 479 553 517; x_wconf 89' lang='lat' dir='ltr'><strong>sibi</strong></span> <span class='ocrx_word' id='word_1_23' title='bbox 582 485 810 527; x_wconf 83' lang='lat' dir='ltr'><strong>competere</strong></span> <span class='ocrx_word' id='word_1_24' title='bbox 839 487 878 517; x_wconf 90' lang='lat' dir='ltr'><strong>et</strong></span> <span class='ocrx_word' id='word_1_25' title='bbox 907 492 988 517; x_wconf 92' lang='lat' dir='ltr'><strong>non</strong></span> <span class='ocrx_word' id='word_1_26' title='bbox 1018 478 1134 517; x_wconf 89' lang='lat' dir='ltr'><strong>alicui</strong></span> <span class='ocrx_word' id='word_1_27' title='bbox 1164 478 1239 526; x_wconf 88' lang='lat' dir='ltr'><strong>alii,</strong></span> <span class='ocrx_word' id='word_1_28' title='bbox 1262 492 1330 528; x_wconf 91' lang='lat' dir='ltr'><strong>per</strong></span> <span class='ocrx_word' id='word_1_29' title='bbox 1351 480 1460 529; x_wconf 89' lang='lat' dir='ltr'><strong>quod</strong></span> <span class='ocrx_word' id='word_1_30' title='bbox 1489 479 1596 517; x_wconf 90' lang='lat' dir='ltr'><strong>idem</strong></span> <span class='ocrx_word' id='word_1_31' title='bbox 1617 480 1804 518; x_wconf 90' lang='lat' dir='ltr'><strong>dominus</strong></span> 
     </span>
     <span class='ocr_line' id='line_1_5' title="bbox 214 542 1804 593; baseline 0.002 -13"><span class='ocrx_word' id='word_1_32' title='bbox 214 543 390 580; x_wconf 81' lang='lat' dir='ltr'>Thomas</span> <span class='ocrx_word' id='word_1_33' title='bbox 409 542 450 580; x_wconf 90' lang='lat' dir='ltr'><strong>in</strong></span> <span class='ocrx_word' id='word_1_34' title='bbox 471 542 670 581; x_wconf 82' lang='lat' dir='ltr'><strong>escambio</strong></span> <span class='ocrx_word' id='word_1_35' title='bbox 690 543 806 581; x_wconf 90' lang='lat' dir='ltr'><strong>unius</strong></span> <span class='ocrx_word' id='word_1_36' title='bbox 827 543 1036 593; x_wconf 87' lang='lat' dir='ltr'><strong>messuagii</strong></span> <span class='ocrx_word' id='word_1_37' title='bbox 1064 551 1102 582; x_wconf 89' lang='lat' dir='ltr'><strong>et</strong></span> <span class='ocrx_word' id='word_1_38' title='bbox 1131 543 1246 581; x_wconf 87' lang='lat' dir='ltr'><strong>unius</strong></span> <span class='ocrx_word' id='word_1_39' title='bbox 1267 543 1414 593; x_wconf 89' lang='lat' dir='ltr'><strong>virgate</strong></span> <span class='ocrx_word' id='word_1_40' title='bbox 1434 551 1533 582; x_wconf 87' lang='lat' dir='ltr'><strong>terre</strong></span> <span class='ocrx_word' id='word_1_41' title='bbox 1553 556 1672 593; x_wconf 89' lang='lat' dir='ltr'><strong>quam</strong></span> <span class='ocrx_word' id='word_1_42' title='bbox 1693 544 1804 583; x_wconf 87' lang='lat' dir='ltr'><strong>dedit</strong></span> 
     </span>
     <span class='ocr_line' id='line_1_6' title="bbox 214 606 1802 658; baseline 0.001 -14"><span class='ocrx_word' id='word_1_43' title='bbox 214 606 343 645; x_wconf 91' lang='lat' dir='ltr'><strong>eidem</strong></span> <span class='ocrx_word' id='word_1_44' title='bbox 365 608 538 657; x_wconf 90' lang='lat' dir='ltr'><strong>Johanni</strong></span> <span class='ocrx_word' id='word_1_45' title='bbox 559 621 630 658; x_wconf 92' lang='lat' dir='ltr'><strong>pro</strong></span> <span class='ocrx_word' id='word_1_46' title='bbox 650 615 833 658; x_wconf 89' lang='lat' dir='ltr'><strong>purparte</strong></span> <span class='ocrx_word' id='word_1_47' title='bbox 861 622 932 647; x_wconf 86' lang='lat' dir='ltr'><strong>sua</strong></span> <span class='ocrx_word' id='word_1_48' title='bbox 961 610 1142 658; x_wconf 89' lang='lat' dir='ltr'><strong>ejusdem</strong></span> <span class='ocrx_word' id='word_1_49' title='bbox 1170 607 1370 647; x_wconf 88' lang='lat' dir='ltr'><strong>forestarie</strong></span> <span class='ocrx_word' id='word_1_50' title='bbox 1398 607 1558 646; x_wconf 87' lang='lat' dir='ltr'><strong>retinuit</strong></span> <span class='ocrx_word' id='word_1_51' title='bbox 1578 615 1802 657; x_wconf 87' lang='lat' dir='ltr'><strong>purpartem</strong></span> 
     </span>
     <span class='ocr_line' id='line_1_7' title="bbox 213 672 1802 723; baseline 0.001 -14"><span class='ocrx_word' id='word_1_52' title='bbox 213 672 391 720; x_wconf 89' lang='lat' dir='ltr'><strong>ejusdem</strong></span> <span class='ocrx_word' id='word_1_53' title='bbox 417 672 615 712; x_wconf 87' lang='lat' dir='ltr'><strong>forestarie</strong></span> <span class='ocrx_word' id='word_1_54' title='bbox 643 672 684 710; x_wconf 93' lang='lat' dir='ltr'><strong>in</strong></span> <span class='ocrx_word' id='word_1_55' title='bbox 713 686 832 711; x_wconf 90' lang='lat' dir='ltr'><strong>manu</strong></span> <span class='ocrx_word' id='word_1_56' title='bbox 862 687 932 712; x_wconf 89' lang='lat' dir='ltr'><strong>sua</strong></span> <span class='ocrx_word' id='word_1_57' title='bbox 959 675 1010 713; x_wconf 91' lang='lat' dir='ltr'><strong>de</strong></span> <span class='ocrx_word' id='word_1_58' title='bbox 1038 674 1218 723; x_wconf 89' lang='lat' dir='ltr'><strong>predicto</strong></span> <span class='ocrx_word' id='word_1_59' title='bbox 1247 673 1431 722; x_wconf 88' lang='lat' dir='ltr'><strong>Johanne</strong></span> <span class='ocrx_word' id='word_1_60' title='bbox 1452 673 1503 710; x_wconf 91' lang='lat' dir='ltr'><strong>de</strong></span> <span class='ocrx_word' id='word_1_61' title='bbox 1525 674 1707 711; x_wconf 88' lang='lat' dir='ltr'><strong>Bulmere</strong></span> <span class='ocrx_word' id='word_1_62' title='bbox 1729 672 1802 711; x_wconf 89' lang='lat' dir='ltr'><strong>sibi</strong></span> 
     </span>
     <span class='ocr_line' id='line_1_8' title="bbox 213 735 1800 790; baseline 0.001 -17"><span class='ocrx_word' id='word_1_63' title='bbox 213 742 252 773; x_wconf 91' lang='lat' dir='ltr'><strong>et</strong></span> <span class='ocrx_word' id='word_1_64' title='bbox 284 736 494 775; x_wconf 90' lang='lat' dir='ltr'><strong>heredibus</strong></span> <span class='ocrx_word' id='word_1_65' title='bbox 529 737 608 775; x_wconf 90' lang='lat' dir='ltr'><strong>suis</strong></span> <span class='ocrx_word' id='word_1_66' title='bbox 641 735 880 790; x_wconf 87' lang='lat' dir='ltr'><strong>remissa[m]</strong></span> <span class='ocrx_word' id='word_1_67' title='bbox 913 745 951 776; x_wconf 87' lang='lat' dir='ltr'><strong>et</strong></span> <span class='ocrx_word' id='word_1_68' title='bbox 984 736 1242 790; x_wconf 84' lang='lat' dir='ltr'><strong>relaxata[m].</strong></span> <span class='ocrx_word' id='word_1_69' title='bbox 1303 736 1383 786; x_wconf 86' lang='lat' dir='ltr'><strong>Qui</strong></span> <span class='ocrx_word' id='word_1_70' title='bbox 1421 736 1582 787; x_wconf 89' lang='lat' dir='ltr'><strong>quidem</strong></span> <span class='ocrx_word' id='word_1_71' title='bbox 1622 739 1800 776; x_wconf 83' lang='lat' dir='ltr'><strong>Thomas</strong></span> 
     </span>
     <span class='ocr_line' id='line_1_9' title="bbox 214 801 1801 852; baseline 0.001 -14"><span class='ocrx_word' id='word_1_72' title='bbox 214 802 468 849; x_wconf 88' lang='lat' dir='ltr'><strong>postmodum</strong></span> <span class='ocrx_word' id='word_1_73' title='bbox 503 809 726 852; x_wconf 88' lang='lat' dir='ltr'><strong>purpartem</strong></span> <span class='ocrx_word' id='word_1_74' title='bbox 761 803 939 851; x_wconf 90' lang='lat' dir='ltr'><strong>ejusdem</strong></span> <span class='ocrx_word' id='word_1_75' title='bbox 971 803 1171 841; x_wconf 89' lang='lat' dir='ltr'><strong>forestarie</strong></span> <span class='ocrx_word' id='word_1_76' title='bbox 1202 815 1292 840; x_wconf 88' lang='lat' dir='ltr'><strong>cum</strong></span> <span class='ocrx_word' id='word_1_77' title='bbox 1324 801 1408 840; x_wconf 90' lang='lat' dir='ltr'><strong>aliis</strong></span> <span class='ocrx_word' id='word_1_78' title='bbox 1440 801 1691 851; x_wconf 88' lang='lat' dir='ltr'><strong>pertinenciis</strong></span> <span class='ocrx_word' id='word_1_79' title='bbox 1723 801 1801 840; x_wconf 90' lang='lat' dir='ltr'><strong>suis</strong></span> 
     </span>
     <span class='ocr_line' id='line_1_10' title="bbox 212 865 1798 915; baseline 0.001 -13"><span class='ocrx_word' id='word_1_80' title='bbox 212 877 284 913; x_wconf 93' lang='lat' dir='ltr'><strong>pro</strong></span> <span class='ocrx_word' id='word_1_81' title='bbox 303 865 411 904; x_wconf 93' lang='lat' dir='ltr'><strong>bono</strong></span> <span class='ocrx_word' id='word_1_82' title='bbox 440 865 603 905; x_wconf 91' lang='lat' dir='ltr'><strong>servicio</strong></span> <span class='ocrx_word' id='word_1_83' title='bbox 632 878 704 904; x_wconf 92' lang='lat' dir='ltr'><strong>suo</strong></span> <span class='ocrx_word' id='word_1_84' title='bbox 733 865 844 904; x_wconf 87' lang='lat' dir='ltr'><strong>dedit</strong></span> <span class='ocrx_word' id='word_1_85' title='bbox 873 865 1030 904; x_wconf 88' lang='lat' dir='ltr'><strong>cuidam</strong></span> <span class='ocrx_word' id='word_1_86' title='bbox 1060 865 1235 915; x_wconf 88' lang='lat' dir='ltr'><strong>Johanni</strong></span> <span class='ocrx_word' id='word_1_87' title='bbox 1257 867 1307 905; x_wconf 92' lang='lat' dir='ltr'><strong>de</strong></span> <span class='ocrx_word' id='word_1_88' title='bbox 1329 867 1557 904; x_wconf 88' lang='lat' dir='ltr'><strong>Monemwe</strong></span> <span class='ocrx_word' id='word_1_89' title='bbox 1583 867 1798 905; x_wconf 88' lang='lat' dir='ltr'><strong>tenendam</strong></span> 
     </span>
     <span class='ocr_line' id='line_1_11' title="bbox 213 928 1804 980; baseline -0.001 -13"><span class='ocrx_word' id='word_1_90' title='bbox 213 935 296 967; x_wconf 85' lang='lat' dir='ltr'><strong>tota</strong></span> <span class='ocrx_word' id='word_1_91' title='bbox 314 928 394 968; x_wconf 90' lang='lat' dir='ltr'><strong>vita</strong></span> <span class='ocrx_word' id='word_1_92' title='bbox 407 942 489 977; x_wconf 89' lang='lat' dir='ltr'><strong>sua,</strong></span> <span class='ocrx_word' id='word_1_93' title='bbox 510 929 578 979; x_wconf 89' lang='lat' dir='ltr'><strong>qui</strong></span> <span class='ocrx_word' id='word_1_94' title='bbox 598 929 760 980; x_wconf 88' lang='lat' dir='ltr'><strong>quidem</strong></span> <span class='ocrx_word' id='word_1_95' title='bbox 780 930 983 979; x_wconf 91' lang='lat' dir='ltr'><strong>Johannes</strong></span> <span class='ocrx_word' id='word_1_96' title='bbox 1004 929 1146 969; x_wconf 90' lang='lat' dir='ltr'><strong>virtute</strong></span> <span class='ocrx_word' id='word_1_97' title='bbox 1166 930 1263 969; x_wconf 89' lang='lat' dir='ltr'><strong>doni</strong></span> <span class='ocrx_word' id='word_1_98' title='bbox 1284 930 1450 980; x_wconf 88' lang='lat' dir='ltr'><strong>predicti</strong></span> <span class='ocrx_word' id='word_1_99' title='bbox 1470 938 1695 980; x_wconf 90' lang='lat' dir='ltr'><strong>purpartem</strong></span> <span class='ocrx_word' id='word_1_100' title='bbox 1718 943 1804 980; x_wconf 91' lang='lat' dir='ltr'><strong>pre-</strong></span> 
     </span>
     <span class='ocr_line' id='line_1_12' title="bbox 212 992 1801 1045; baseline 0.003 -15"><span class='ocrx_word' id='word_1_101' title='bbox 212 992 359 1031; x_wconf 88' lang='lat' dir='ltr'><strong>dictam</strong></span> <span class='ocrx_word' id='word_1_102' title='bbox 387 994 513 1033; x_wconf 88' lang='lat' dir='ltr'><strong>tenuit</strong></span> <span class='ocrx_word' id='word_1_103' title='bbox 542 1007 668 1044; x_wconf 88' lang='lat' dir='ltr'><strong>usque</strong></span> <span class='ocrx_word' id='word_1_104' title='bbox 702 994 753 1032; x_wconf 86' lang='lat' dir='ltr'><strong>ad</strong></span> <span class='ocrx_word' id='word_1_105' title='bbox 787 1001 941 1044; x_wconf 87' lang='lat' dir='ltr'><strong>tempus</strong></span> <span class='ocrx_word' id='word_1_106' title='bbox 976 996 1138 1045; x_wconf 87' lang='lat' dir='ltr'><strong>quando</strong></span> <span class='ocrx_word' id='word_1_107' title='bbox 1170 1002 1341 1033; x_wconf 80' lang='lat' dir='ltr'><strong>castrum</strong></span> <span class='ocrx_word' id='word_1_108' title='bbox 1376 1002 1414 1033; x_wconf 93' lang='lat' dir='ltr'><strong>et</strong></span> <span class='ocrx_word' id='word_1_109' title='bbox 1448 996 1593 1033; x_wconf 91' lang='lat' dir='ltr'><strong>Honor</strong></span> <span class='ocrx_word' id='word_1_110' title='bbox 1623 995 1801 1045; x_wconf 91' lang='lat' dir='ltr'><strong>predicta</strong></span> 
     </span>
     <span class='ocr_line' id='line_1_13' title="bbox 212 1058 1799 1109; baseline 0.001 -13"><span class='ocrx_word' id='word_1_111' title='bbox 212 1058 454 1097; x_wconf 88' lang='lat' dir='ltr'><strong>devenerunt</strong></span> <span class='ocrx_word' id='word_1_112' title='bbox 473 1060 525 1098; x_wconf 87' lang='lat' dir='ltr'><strong>ad</strong></span> <span class='ocrx_word' id='word_1_113' title='bbox 546 1071 706 1097; x_wconf 88' lang='lat' dir='ltr'><strong>manum</strong></span> <span class='ocrx_word' id='word_1_114' title='bbox 733 1059 885 1097; x_wconf 89' lang='lat' dir='ltr'><strong>domini</strong></span> <span class='ocrx_word' id='word_1_115' title='bbox 901 1059 1070 1099; x_wconf 88' lang='lat' dir='ltr'><strong>Comitis</strong></span> <span class='ocrx_word' id='word_1_116' title='bbox 1091 1072 1197 1097; x_wconf 88' lang='lat' dir='ltr'><strong>nunc</strong></span> <span class='ocrx_word' id='word_1_117' title='bbox 1224 1060 1311 1108; x_wconf 86' lang='lat' dir='ltr'><strong>jure</strong></span> <span class='ocrx_word' id='word_1_118' title='bbox 1331 1059 1578 1106; x_wconf 87' lang='lat' dir='ltr'><strong>hereditario,</strong></span> <span class='ocrx_word' id='word_1_119' title='bbox 1602 1068 1640 1098; x_wconf 88' lang='lat' dir='ltr'><strong>et</strong></span> <span class='ocrx_word' id='word_1_120' title='bbox 1661 1067 1799 1109; x_wconf 85' lang='lat' dir='ltr'><strong>postea</strong></span> 
     </span>
     <span class='ocr_line' id='line_1_14' title="bbox 212 1121 1800 1173; baseline 0.002 -13"><span class='ocrx_word' id='word_1_121' title='bbox 212 1121 319 1160; x_wconf 91' lang='lat' dir='ltr'><strong>idem</strong></span> <span class='ocrx_word' id='word_1_122' title='bbox 350 1124 501 1161; x_wconf 85' lang='lat' dir='ltr'><strong>Alanus</strong></span> <span class='ocrx_word' id='word_1_123' title='bbox 531 1122 696 1162; x_wconf 88' lang='lat' dir='ltr'><strong>accessit</strong></span> <span class='ocrx_word' id='word_1_124' title='bbox 716 1123 767 1161; x_wconf 87' lang='lat' dir='ltr'><strong>ad</strong></span> <span class='ocrx_word' id='word_1_125' title='bbox 787 1123 937 1162; x_wconf 88' lang='lat' dir='ltr'><strong>dictum</strong></span> <span class='ocrx_word' id='word_1_126' title='bbox 966 1123 1165 1163; x_wconf 87' lang='lat' dir='ltr'><strong>Comitem</strong></span> <span class='ocrx_word' id='word_1_127' title='bbox 1200 1124 1474 1173; x_wconf 91' lang='lat' dir='ltr'><strong>pretendendo</strong></span> <span class='ocrx_word' id='word_1_128' title='bbox 1504 1123 1701 1163; x_wconf 86' lang='lat' dir='ltr'><strong>verificare</strong></span> <span class='ocrx_word' id='word_1_129' title='bbox 1728 1124 1800 1163; x_wconf 84' lang='lat' dir='ltr'><strong>viis</strong></span> 
     </span>
     <span class='ocr_line' id='line_1_15' title="bbox 212 1187 1798 1239; baseline 0.001 -14"><span class='ocrx_word' id='word_1_130' title='bbox 212 1194 250 1225; x_wconf 88' lang='lat' dir='ltr'><strong>et</strong></span> <span class='ocrx_word' id='word_1_131' title='bbox 280 1187 409 1226; x_wconf 91' lang='lat' dir='ltr'><strong>modis</strong></span> <span class='ocrx_word' id='word_1_132' title='bbox 439 1188 582 1238; x_wconf 90' lang='lat' dir='ltr'><strong>quibus</strong></span> <span class='ocrx_word' id='word_1_133' title='bbox 613 1196 811 1239; x_wconf 89' lang='lat' dir='ltr'><strong>oporteret</strong></span> <span class='ocrx_word' id='word_1_134' title='bbox 845 1201 887 1227; x_wconf 90' lang='lat' dir='ltr'><strong>se</strong></span> <span class='ocrx_word' id='word_1_135' title='bbox 915 1201 938 1226; x_wconf 92' lang='lat' dir='ltr'><strong>a</strong></span> <span class='ocrx_word' id='word_1_136' title='bbox 966 1187 1144 1238; x_wconf 89' lang='lat' dir='ltr'><strong>predicta</strong></span> <span class='ocrx_word' id='word_1_137' title='bbox 1173 1195 1356 1238; x_wconf 86' lang='lat' dir='ltr'><strong>purparte</strong></span> <span class='ocrx_word' id='word_1_138' title='bbox 1387 1188 1587 1227; x_wconf 83' lang='lat' dir='ltr'><strong>forestarie</strong></span> <span class='ocrx_word' id='word_1_139' title='bbox 1621 1188 1798 1238; x_wconf 90' lang='lat' dir='ltr'><strong>predicte</strong></span> 
     </span>
     <span class='ocr_line' id='line_1_16' title="bbox 211 1251 1799 1303; baseline 0.003 -15"><span class='ocrx_word' id='word_1_140' title='bbox 211 1251 398 1300; x_wconf 88' lang='lat' dir='ltr'><strong>injuriose</strong></span> <span class='ocrx_word' id='word_1_141' title='bbox 419 1253 584 1292; x_wconf 88' lang='lat' dir='ltr'><strong>detineri</strong></span> <span class='ocrx_word' id='word_1_142' title='bbox 604 1267 674 1303; x_wconf 91' lang='lat' dir='ltr'><strong>per</strong></span> <span class='ocrx_word' id='word_1_143' title='bbox 694 1254 829 1291; x_wconf 86' lang='lat' dir='ltr'><strong>falsam</strong></span> <span class='ocrx_word' id='word_1_144' title='bbox 851 1252 1142 1302; x_wconf 82' lang='lat' dir='ltr'><strong>suggestionem</strong></span> <span class='ocrx_word' id='word_1_145' title='bbox 1163 1265 1231 1302; x_wconf 92' lang='lat' dir='ltr'><strong>per</strong></span> <span class='ocrx_word' id='word_1_146' title='bbox 1251 1252 1473 1302; x_wconf 89' lang='lat' dir='ltr'><strong>predictum</strong></span> <span class='ocrx_word' id='word_1_147' title='bbox 1502 1254 1726 1302; x_wconf 88' lang='lat' dir='ltr'><strong>Johannem</strong></span> <span class='ocrx_word' id='word_1_148' title='bbox 1747 1255 1799 1292; x_wconf 88' lang='lat' dir='ltr'><strong>de</strong></span> 
     </span>
     <span class='ocr_line' id='line_1_17' title="bbox 213 1315 1798 1367; baseline 0.003 -14"><span class='ocrx_word' id='word_1_149' title='bbox 213 1317 396 1355; x_wconf 87' lang='lat' dir='ltr'><strong>Bulmere</strong></span> <span class='ocrx_word' id='word_1_150' title='bbox 415 1317 594 1367; x_wconf 89' lang='lat' dir='ltr'><strong>predicto</strong></span> <span class='ocrx_word' id='word_1_151' title='bbox 615 1316 779 1356; x_wconf 90' lang='lat' dir='ltr'><strong>domino</strong></span> <span class='ocrx_word' id='word_1_152' title='bbox 800 1318 958 1355; x_wconf 85' lang='lat' dir='ltr'><strong>Thorne</strong></span> <span class='ocrx_word' id='word_1_153' title='bbox 979 1315 1127 1355; x_wconf 88' lang='lat' dir='ltr'><strong>Comiti</strong></span> <span class='ocrx_word' id='word_1_154' title='bbox 1147 1328 1273 1365; x_wconf 87' lang='lat' dir='ltr'><strong>nuper</strong></span> <span class='ocrx_word' id='word_1_155' title='bbox 1292 1317 1448 1363; x_wconf 83' lang='lat' dir='ltr'><strong>factam,</strong></span> <span class='ocrx_word' id='word_1_156' title='bbox 1470 1330 1541 1366; x_wconf 88' lang='lat' dir='ltr'><strong>per</strong></span> <span class='ocrx_word' id='word_1_157' title='bbox 1560 1318 1670 1367; x_wconf 88' lang='lat' dir='ltr'><strong>quod</strong></span> <span class='ocrx_word' id='word_1_158' title='bbox 1690 1318 1798 1357; x_wconf 91' lang='lat' dir='ltr'><strong>idem</strong></span> 
     </span>
     <span class='ocr_line' id='line_1_18' title="bbox 212 1380 1800 1431; baseline 0.003 -13"><span class='ocrx_word' id='word_1_159' title='bbox 212 1381 397 1420; x_wconf 90' lang='lat' dir='ltr'><strong>dominus</strong></span> <span class='ocrx_word' id='word_1_160' title='bbox 437 1383 583 1421; x_wconf 89' lang='lat' dir='ltr'><strong>Comes</strong></span> <span class='ocrx_word' id='word_1_161' title='bbox 621 1395 729 1420; x_wconf 90' lang='lat' dir='ltr'><strong>nunc</strong></span> <span class='ocrx_word' id='word_1_162' title='bbox 766 1380 919 1431; x_wconf 85' lang='lat' dir='ltr'><strong>quesita</strong></span> <span class='ocrx_word' id='word_1_163' title='bbox 958 1380 1051 1419; x_wconf 93' lang='lat' dir='ltr'><strong>inde</strong></span> <span class='ocrx_word' id='word_1_164' title='bbox 1090 1380 1251 1419; x_wconf 88' lang='lat' dir='ltr'><strong>veritate</strong></span> <span class='ocrx_word' id='word_1_165' title='bbox 1291 1394 1360 1430; x_wconf 89' lang='lat' dir='ltr'><strong>per</strong></span> <span class='ocrx_word' id='word_1_166' title='bbox 1388 1394 1528 1420; x_wconf 90' lang='lat' dir='ltr'><strong>omnes</strong></span> <span class='ocrx_word' id='word_1_167' title='bbox 1558 1382 1722 1421; x_wconf 84' lang='lat' dir='ltr'><strong>ballivos</strong></span> <span class='ocrx_word' id='word_1_168' title='bbox 1761 1392 1800 1422; x_wconf 90' lang='lat' dir='ltr'><strong>et</strong></span> 
     </span>
     <span class='ocr_line' id='line_1_19' title="bbox 211 1445 1802 1497; baseline 0.002 -14"><span class='ocrx_word' id='word_1_169' title='bbox 211 1446 409 1485; x_wconf 88' lang='lat' dir='ltr'><strong>ministros</strong></span> <span class='ocrx_word' id='word_1_170' title='bbox 429 1448 610 1496; x_wconf 87' lang='lat' dir='ltr'><strong>ejusdem</strong></span> <span class='ocrx_word' id='word_1_171' title='bbox 631 1449 774 1486; x_wconf 91' lang='lat' dir='ltr'><strong>foreste</strong></span> <span class='ocrx_word' id='word_1_172' title='bbox 803 1454 841 1485; x_wconf 91' lang='lat' dir='ltr'><strong>et</strong></span> <span class='ocrx_word' id='word_1_173' title='bbox 870 1446 1126 1495; x_wconf 89' lang='lat' dir='ltr'><strong>postmodum</strong></span> <span class='ocrx_word' id='word_1_174' title='bbox 1158 1446 1260 1483; x_wconf 81' lang='lat' dir='ltr'><strong>facta</strong></span> <span class='ocrx_word' id='word_1_175' title='bbox 1289 1445 1382 1484; x_wconf 92' lang='lat' dir='ltr'><strong>inde</strong></span> <span class='ocrx_word' id='word_1_176' title='bbox 1408 1446 1713 1486; x_wconf 86' lang='lat' dir='ltr'><strong>renunciacione</strong></span> <span class='ocrx_word' id='word_1_177' title='bbox 1733 1461 1802 1497; x_wconf 89' lang='lat' dir='ltr'><strong>per</strong></span> 
     </span>
     <span class='ocr_line' id='line_1_20' title="bbox 211 1509 1803 1561; baseline 0.003 -13"><span class='ocrx_word' id='word_1_178' title='bbox 211 1511 432 1560; x_wconf 89' lang='lat' dir='ltr'><strong>predictum</strong></span> <span class='ocrx_word' id='word_1_179' title='bbox 463 1512 687 1561; x_wconf 89' lang='lat' dir='ltr'><strong>Johannem</strong></span> <span class='ocrx_word' id='word_1_180' title='bbox 721 1512 771 1550; x_wconf 91' lang='lat' dir='ltr'><strong>de</strong></span> <span class='ocrx_word' id='word_1_181' title='bbox 802 1513 1029 1550; x_wconf 88' lang='lat' dir='ltr'><strong>Monemwe</strong></span> <span class='ocrx_word' id='word_1_182' title='bbox 1056 1510 1187 1549; x_wconf 90' lang='lat' dir='ltr'><strong>eidem</strong></span> <span class='ocrx_word' id='word_1_183' title='bbox 1221 1509 1369 1550; x_wconf 86' lang='lat' dir='ltr'><strong>Comiti</strong></span> <span class='ocrx_word' id='word_1_184' title='bbox 1399 1512 1450 1549; x_wconf 93' lang='lat' dir='ltr'><strong>de</strong></span> <span class='ocrx_word' id='word_1_185' title='bbox 1478 1511 1588 1550; x_wconf 88' lang='lat' dir='ltr'><strong>omni</strong></span> <span class='ocrx_word' id='word_1_186' title='bbox 1613 1513 1702 1561; x_wconf 89' lang='lat' dir='ltr'><strong>jure</strong></span> <span class='ocrx_word' id='word_1_187' title='bbox 1732 1526 1803 1552; x_wconf 91' lang='lat' dir='ltr'><strong>suo</strong></span> 
     </span>
     <span class='ocr_line' id='line_1_21' title="bbox 214 1575 1804 1625; baseline 0.002 -12"><span class='ocrx_word' id='word_1_188' title='bbox 214 1576 324 1625; x_wconf 91' lang='lat' dir='ltr'><strong>quod</strong></span> <span class='ocrx_word' id='word_1_189' title='bbox 362 1576 498 1615; x_wconf 84' lang='lat' dir='ltr'><strong>habuit</strong></span> <span class='ocrx_word' id='word_1_190' title='bbox 537 1576 577 1614; x_wconf 90' lang='lat' dir='ltr'><strong>in</strong></span> <span class='ocrx_word' id='word_1_191' title='bbox 616 1577 755 1615; x_wconf 87' lang='lat' dir='ltr'><strong>eadem</strong></span> <span class='ocrx_word' id='word_1_192' title='bbox 795 1577 846 1615; x_wconf 93' lang='lat' dir='ltr'><strong>de</strong></span> <span class='ocrx_word' id='word_1_193' title='bbox 886 1576 1074 1614; x_wconf 88' lang='lat' dir='ltr'><strong>mandato</strong></span> <span class='ocrx_word' id='word_1_194' title='bbox 1105 1575 1227 1625; x_wconf 91' lang='lat' dir='ltr'><strong>ipsius</strong></span> <span class='ocrx_word' id='word_1_195' title='bbox 1262 1575 1441 1622; x_wconf 91' lang='lat' dir='ltr'><strong>Comitis,</strong></span> <span class='ocrx_word' id='word_1_196' title='bbox 1481 1575 1588 1615; x_wconf 91' lang='lat' dir='ltr'><strong>idem</strong></span> <span class='ocrx_word' id='word_1_197' title='bbox 1620 1578 1804 1616; x_wconf 88' lang='lat' dir='ltr'><strong>dominus</strong></span> 
     </span>
     <span class='ocr_line' id='line_1_22' title="bbox 214 1640 1805 1692; baseline 0.002 -14"><span class='ocrx_word' id='word_1_198' title='bbox 214 1640 362 1679; x_wconf 89' lang='lat' dir='ltr'><strong>Comes</strong></span> <span class='ocrx_word' id='word_1_199' title='bbox 400 1654 507 1679; x_wconf 90' lang='lat' dir='ltr'><strong>nunc</strong></span> <span class='ocrx_word' id='word_1_200' title='bbox 545 1641 749 1680; x_wconf 85' lang='lat' dir='ltr'><strong>retradidit</strong></span> <span class='ocrx_word' id='word_1_201' title='bbox 787 1640 916 1680; x_wconf 88' lang='lat' dir='ltr'><strong>eidem</strong></span> <span class='ocrx_word' id='word_1_202' title='bbox 956 1640 1087 1677; x_wconf 91' lang='lat' dir='ltr'><strong>Alano</strong></span> <span class='ocrx_word' id='word_1_203' title='bbox 1125 1646 1352 1688; x_wconf 87' lang='lat' dir='ltr'><strong>purpartem</strong></span> <span class='ocrx_word' id='word_1_204' title='bbox 1391 1641 1590 1680; x_wconf 84' lang='lat' dir='ltr'><strong>forestarie</strong></span> <span class='ocrx_word' id='word_1_205' title='bbox 1630 1643 1805 1692; x_wconf 86' lang='lat' dir='ltr'><strong>predicte</strong></span> 
     </span>
     <span class='ocr_line' id='line_1_23' title="bbox 214 1704 1804 1757; baseline 0.001 -13"><span class='ocrx_word' id='word_1_206' title='bbox 214 1707 429 1745; x_wconf 90' lang='lat' dir='ltr'><strong>tenendam</strong></span> <span class='ocrx_word' id='word_1_207' title='bbox 458 1713 499 1746; x_wconf 91' lang='lat' dir='ltr'><strong>ut</strong></span> <span class='ocrx_word' id='word_1_208' title='bbox 526 1707 577 1746; x_wconf 92' lang='lat' dir='ltr'><strong>de</strong></span> <span class='ocrx_word' id='word_1_209' title='bbox 601 1708 687 1757; x_wconf 90' lang='lat' dir='ltr'><strong>jure</strong></span> <span class='ocrx_word' id='word_1_210' title='bbox 714 1719 786 1745; x_wconf 92' lang='lat' dir='ltr'><strong>suo</strong></span> <span class='ocrx_word' id='word_1_211' title='bbox 816 1704 988 1756; x_wconf 88' lang='lat' dir='ltr'><strong>proprio.</strong></span> <span class='ocrx_word' id='word_1_212' title='bbox 1047 1704 1127 1753; x_wconf 84' lang='lat' dir='ltr'><strong>Qui</strong></span> <span class='ocrx_word' id='word_1_213' title='bbox 1153 1704 1315 1754; x_wconf 87' lang='lat' dir='ltr'><strong>quidem</strong></span> <span class='ocrx_word' id='word_1_214' title='bbox 1350 1706 1501 1743; x_wconf 86' lang='lat' dir='ltr'><strong>Alanus</strong></span> <span class='ocrx_word' id='word_1_215' title='bbox 1532 1705 1625 1745; x_wconf 92' lang='lat' dir='ltr'><strong>inde</strong></span> <span class='ocrx_word' id='word_1_216' title='bbox 1652 1707 1804 1746; x_wconf 89' lang='lat' dir='ltr'><strong>seisitus</strong></span> 
     </span>
     <span class='ocr_line' id='line_1_24' title="bbox 213 1768 1805 1822; baseline 0.001 -12"><span class='ocrx_word' id='word_1_217' title='bbox 213 1779 252 1810; x_wconf 92' lang='lat' dir='ltr'><strong>et</strong></span> <span class='ocrx_word' id='word_1_218' title='bbox 282 1771 434 1821; x_wconf 90' lang='lat' dir='ltr'><strong>juribus</strong></span> <span class='ocrx_word' id='word_1_219' title='bbox 460 1771 659 1822; x_wconf 88' lang='lat' dir='ltr'><strong>predictis,</strong></span> <span class='ocrx_word' id='word_1_220' title='bbox 690 1771 784 1810; x_wconf 91' lang='lat' dir='ltr'><strong>inde</strong></span> <span class='ocrx_word' id='word_1_221' title='bbox 811 1770 1070 1820; x_wconf 88' lang='lat' dir='ltr'><strong>postmodum</strong></span> <span class='ocrx_word' id='word_1_222' title='bbox 1104 1768 1277 1808; x_wconf 86' lang='lat' dir='ltr'><strong>feoffavit</strong></span> <span class='ocrx_word' id='word_1_223' title='bbox 1310 1770 1533 1818; x_wconf 88' lang='lat' dir='ltr'><strong>predictum</strong></span> <span class='ocrx_word' id='word_1_224' title='bbox 1565 1771 1805 1811; x_wconf 89' lang='lat' dir='ltr'><strong>Willelmum</strong></span> 
     </span>
     <span class='ocr_line' id='line_1_25' title="bbox 214 1833 1805 1887; baseline 0.001 -12"><span class='ocrx_word' id='word_1_225' title='bbox 214 1837 266 1875; x_wconf 86' lang='lat' dir='ltr'><strong>de</strong></span> <span class='ocrx_word' id='word_1_226' title='bbox 295 1838 438 1886; x_wconf 91' lang='lat' dir='ltr'><strong>Persay</strong></span> <span class='ocrx_word' id='word_1_227' title='bbox 458 1836 641 1875; x_wconf 89' lang='lat' dir='ltr'><strong>tenendis</strong></span> <span class='ocrx_word' id='word_1_228' title='bbox 662 1835 736 1875; x_wconf 88' lang='lat' dir='ltr'><strong>sibi</strong></span> <span class='ocrx_word' id='word_1_229' title='bbox 768 1843 807 1874; x_wconf 89' lang='lat' dir='ltr'><strong>et</strong></span> <span class='ocrx_word' id='word_1_230' title='bbox 836 1834 1050 1873; x_wconf 86' lang='lat' dir='ltr'><strong>heredibus</strong></span> <span class='ocrx_word' id='word_1_231' title='bbox 1080 1833 1159 1872; x_wconf 90' lang='lat' dir='ltr'><strong>suis</strong></span> <span class='ocrx_word' id='word_1_232' title='bbox 1188 1833 1489 1883; x_wconf 86' lang='lat' dir='ltr'><strong>imperpetuum,</strong></span> <span class='ocrx_word' id='word_1_233' title='bbox 1521 1835 1662 1875; x_wconf 89' lang='lat' dir='ltr'><strong>virtute</strong></span> <span class='ocrx_word' id='word_1_234' title='bbox 1691 1839 1805 1887; x_wconf 90' lang='lat' dir='ltr'><strong>cujus</strong></span> 
     </span>
     <span class='ocr_line' id='line_1_26' title="bbox 213 1898 1805 1952; baseline 0.001 -12"><span class='ocrx_word' id='word_1_235' title='bbox 213 1901 455 1940; x_wconf 86' lang='lat' dir='ltr'><strong>feoffamenti</strong></span> <span class='ocrx_word' id='word_1_236' title='bbox 488 1902 689 1952; x_wconf 88' lang='lat' dir='ltr'><strong>predictus</strong></span> <span class='ocrx_word' id='word_1_237' title='bbox 720 1901 939 1939; x_wconf 90' lang='lat' dir='ltr'><strong>Willelmus</strong></span> <span class='ocrx_word' id='word_1_238' title='bbox 970 1899 1042 1938; x_wconf 88' lang='lat' dir='ltr'><strong>fuit</strong></span> <span class='ocrx_word' id='word_1_239' title='bbox 1076 1898 1229 1938; x_wconf 85' lang='lat' dir='ltr'><strong>seisitus</strong></span> <span class='ocrx_word' id='word_1_240' title='bbox 1265 1906 1303 1937; x_wconf 91' lang='lat' dir='ltr'><strong>et</strong></span> <span class='ocrx_word' id='word_1_241' title='bbox 1337 1906 1395 1937; x_wconf 87' lang='lat' dir='ltr'><strong>est</strong></span> <span class='ocrx_word' id='word_1_242' title='bbox 1427 1900 1478 1938; x_wconf 94' lang='lat' dir='ltr'><strong>de</strong></span> <span class='ocrx_word' id='word_1_243' title='bbox 1512 1899 1586 1939; x_wconf 91' lang='lat' dir='ltr'><strong>illis</strong></span> <span class='ocrx_word' id='word_1_244' title='bbox 1620 1903 1805 1951; x_wconf 86' lang='lat' dir='ltr'><strong>proficuis</strong></span> 
     </span>
     <span class='ocr_line' id='line_1_27' title="bbox 213 1964 1803 2017; baseline 0.002 -13"><span class='ocrx_word' id='word_1_245' title='bbox 213 1967 491 2005; x_wconf 83' lang='lat' dir='ltr'><strong>tantummodo</strong></span> <span class='ocrx_word' id='word_1_246' title='bbox 511 1974 628 2017; x_wconf 86' lang='lat' dir='ltr'><strong>prout</strong></span> <span class='ocrx_word' id='word_1_247' title='bbox 649 1966 790 2005; x_wconf 90' lang='lat' dir='ltr'><strong>eadem</strong></span> <span class='ocrx_word' id='word_1_248' title='bbox 811 1964 1025 2004; x_wconf 90' lang='lat' dir='ltr'><strong>Petronilla</strong></span> <span class='ocrx_word' id='word_1_249' title='bbox 1045 1964 1085 2002; x_wconf 88' lang='lat' dir='ltr'><strong>in</strong></span> <span class='ocrx_word' id='word_1_250' title='bbox 1106 1971 1291 2014; x_wconf 90' lang='lat' dir='ltr'><strong>purparte</strong></span> <span class='ocrx_word' id='word_1_251' title='bbox 1312 1977 1382 2002; x_wconf 88' lang='lat' dir='ltr'><strong>sua</strong></span> <span class='ocrx_word' id='word_1_252' title='bbox 1411 1964 1544 2003; x_wconf 86' lang='lat' dir='ltr'><strong>seisita</strong></span> <span class='ocrx_word' id='word_1_253' title='bbox 1573 1974 1641 2005; x_wconf 88' lang='lat' dir='ltr'><strong>est.</strong></span> <span class='ocrx_word' id='word_1_254' title='bbox 1702 1969 1803 2007; x_wconf 90' lang='lat' dir='ltr'><strong>Ideo</strong></span> 
     </span>
     <span class='ocr_line' id='line_1_28' title="bbox 213 2028 1806 2083; baseline 0.003 -15"><span class='ocrx_word' id='word_1_255' title='bbox 213 2031 505 2070; x_wconf 88' lang='lat' dir='ltr'><strong>consideratum</strong></span> <span class='ocrx_word' id='word_1_256' title='bbox 534 2038 594 2070; x_wconf 88' lang='lat' dir='ltr'><strong>est</strong></span> <span class='ocrx_word' id='word_1_257' title='bbox 623 2031 734 2081; x_wconf 92' lang='lat' dir='ltr'><strong>quod</strong></span> <span class='ocrx_word' id='word_1_258' title='bbox 754 2029 861 2069; x_wconf 89' lang='lat' dir='ltr'><strong>idem</strong></span> <span class='ocrx_word' id='word_1_259' title='bbox 881 2029 1101 2068; x_wconf 88' lang='lat' dir='ltr'><strong>Willelmus</strong></span> <span class='ocrx_word' id='word_1_260' title='bbox 1123 2036 1186 2068; x_wconf 85' lang='lat' dir='ltr'><strong>eat</strong></span> <span class='ocrx_word' id='word_1_261' title='bbox 1206 2028 1299 2068; x_wconf 90' lang='lat' dir='ltr'><strong>inde</strong></span> <span class='ocrx_word' id='word_1_262' title='bbox 1321 2028 1405 2068; x_wconf 92' lang='lat' dir='ltr'><strong>sine</strong></span> <span class='ocrx_word' id='word_1_263' title='bbox 1425 2029 1501 2077; x_wconf 86' lang='lat' dir='ltr'><strong>die,</strong></span> <span class='ocrx_word' id='word_1_264' title='bbox 1521 2032 1628 2070; x_wconf 84' lang='lat' dir='ltr'><strong>salvo</strong></span> <span class='ocrx_word' id='word_1_265' title='bbox 1649 2045 1806 2083; x_wconf 88' lang='lat' dir='ltr'><strong>semper</strong></span> 
     </span>
     <span class='ocr_line' id='line_1_29' title="bbox 212 2097 391 2144; baseline 0.006 -11"><span class='ocrx_word' id='word_1_266' title='bbox 212 2097 298 2144; x_wconf 86' lang='lat' dir='ltr'><strong>jure</strong></span> <span class='ocrx_word' id='word_1_267' title='bbox 318 2103 391 2134; x_wconf 88' lang='lat' dir='ltr'><strong>etc.</strong></span> 
     </span>
    </p>
   </div>
   <div class='ocr_carea' id='block_1_3' title="bbox 212 2222 1808 3113">
    <p class='ocr_par' dir='ltr' id='par_1_3' title="bbox 212 2222 1808 3046">
     <span class='ocr_line' id='line_1_30' title="bbox 267 2222 1802 2275; baseline 0.001 -12"><span class='ocrx_word' id='word_1_268' title='bbox 267 2225 505 2264; x_wconf 87' lang='lat' dir='ltr'><strong>Afterwards</strong></span> <span class='ocrx_word' id='word_1_269' title='bbox 538 2225 628 2262; x_wconf 92' lang='lat' dir='ltr'><strong>Earl</strong></span> <span class='ocrx_word' id='word_1_270' title='bbox 659 2224 835 2261; x_wconf 80' lang='lat' dir='ltr'><strong>Thomas</strong></span> <span class='ocrx_word' id='word_1_271' title='bbox 869 2234 966 2272; x_wconf 83' lang='lat' dir='ltr'><strong>gave</strong></span> <span class='ocrx_word' id='word_1_272' title='bbox 997 2222 1063 2260; x_wconf 89' lang='lat' dir='ltr'><strong>the</strong></span> <span class='ocrx_word' id='word_1_273' title='bbox 1098 2229 1282 2271; x_wconf 87' lang='lat' dir='ltr'><strong>purparty</strong></span> <span class='ocrx_word' id='word_1_274' title='bbox 1317 2222 1361 2259; x_wconf 92' lang='lat' dir='ltr'><strong>of</strong></span> <span class='ocrx_word' id='word_1_275' title='bbox 1386 2222 1455 2260; x_wconf 88' lang='lat' dir='ltr'><strong>the</strong></span> <span class='ocrx_word' id='word_1_276' title='bbox 1489 2223 1740 2275; x_wconf 84' lang='lat' dir='ltr'><strong>forestership</strong></span> <span class='ocrx_word' id='word_1_277' title='bbox 1760 2234 1802 2265; x_wconf 91' lang='lat' dir='ltr'><strong>to</strong></span> 
     </span>
     <span class='ocr_line' id='line_1_31' title="bbox 214 2285 1802 2339; baseline 0.001 -11"><span class='ocrx_word' id='word_1_278' title='bbox 214 2290 319 2339; x_wconf 86' lang='lat' dir='ltr'><strong>John</strong></span> <span class='ocrx_word' id='word_1_279' title='bbox 341 2291 391 2328; x_wconf 92' lang='lat' dir='ltr'><strong>de</strong></span> <span class='ocrx_word' id='word_1_280' title='bbox 412 2288 654 2327; x_wconf 89' lang='lat' dir='ltr'><strong>Monmouth</strong></span> <span class='ocrx_word' id='word_1_281' title='bbox 675 2289 734 2326; x_wconf 88' lang='lat' dir='ltr'><strong>for</strong></span> <span class='ocrx_word' id='word_1_282' title='bbox 762 2287 822 2325; x_wconf 93' lang='lat' dir='ltr'><strong>his</strong></span> <span class='ocrx_word' id='word_1_283' title='bbox 851 2286 928 2333; x_wconf 89' lang='lat' dir='ltr'><strong>life,</strong></span> <span class='ocrx_word' id='word_1_284' title='bbox 959 2299 1001 2324; x_wconf 90' lang='lat' dir='ltr'><strong>as</strong></span> <span class='ocrx_word' id='word_1_285' title='bbox 1030 2299 1053 2324; x_wconf 89' lang='lat' dir='ltr'><strong>a</strong></span> <span class='ocrx_word' id='word_1_286' title='bbox 1073 2286 1222 2324; x_wconf 81' lang='lat' dir='ltr'><strong>reward</strong></span> <span class='ocrx_word' id='word_1_287' title='bbox 1243 2287 1302 2324; x_wconf 88' lang='lat' dir='ltr'><strong>for</strong></span> <span class='ocrx_word' id='word_1_288' title='bbox 1335 2285 1395 2324; x_wconf 91' lang='lat' dir='ltr'><strong>his</strong></span> <span class='ocrx_word' id='word_1_289' title='bbox 1416 2287 1595 2336; x_wconf 83' lang='lat' dir='ltr'><strong>services,</strong></span> <span class='ocrx_word' id='word_1_290' title='bbox 1625 2291 1706 2328; x_wconf 90' lang='lat' dir='ltr'><strong>and</strong></span> <span class='ocrx_word' id='word_1_291' title='bbox 1734 2291 1802 2330; x_wconf 90' lang='lat' dir='ltr'><strong>the</strong></span> 
     </span>
     <span class='ocr_line' id='line_1_32' title="bbox 214 2351 1808 2403; baseline 0 -10"><span class='ocrx_word' id='word_1_292' title='bbox 214 2356 328 2393; x_wconf 88' lang='lat' dir='ltr'><strong>latter</strong></span> <span class='ocrx_word' id='word_1_293' title='bbox 347 2355 440 2393; x_wconf 92' lang='lat' dir='ltr'><strong>held</strong></span> <span class='ocrx_word' id='word_1_294' title='bbox 460 2354 489 2392; x_wconf 90' lang='lat' dir='ltr'><strong>it</strong></span> <span class='ocrx_word' id='word_1_295' title='bbox 509 2353 608 2392; x_wconf 90' lang='lat' dir='ltr'><strong>until</strong></span> <span class='ocrx_word' id='word_1_296' title='bbox 627 2353 695 2391; x_wconf 89' lang='lat' dir='ltr'><strong>the</strong></span> <span class='ocrx_word' id='word_1_297' title='bbox 715 2351 810 2391; x_wconf 90' lang='lat' dir='ltr'><strong>time</strong></span> <span class='ocrx_word' id='word_1_298' title='bbox 829 2352 942 2390; x_wconf 90' lang='lat' dir='ltr'><strong>when</strong></span> <span class='ocrx_word' id='word_1_299' title='bbox 963 2351 1030 2389; x_wconf 89' lang='lat' dir='ltr'><strong>the</strong></span> <span class='ocrx_word' id='word_1_300' title='bbox 1051 2351 1171 2388; x_wconf 91' lang='lat' dir='ltr'><strong>castle</strong></span> <span class='ocrx_word' id='word_1_301' title='bbox 1192 2351 1272 2388; x_wconf 93' lang='lat' dir='ltr'><strong>and</strong></span> <span class='ocrx_word' id='word_1_302' title='bbox 1292 2351 1420 2389; x_wconf 91' lang='lat' dir='ltr'><strong>honor</strong></span> <span class='ocrx_word' id='word_1_303' title='bbox 1440 2364 1551 2391; x_wconf 90' lang='lat' dir='ltr'><strong>came</strong></span> <span class='ocrx_word' id='word_1_304' title='bbox 1571 2354 1622 2402; x_wconf 93' lang='lat' dir='ltr'><strong>by</strong></span> <span class='ocrx_word' id='word_1_305' title='bbox 1640 2353 1742 2403; x_wconf 89' lang='lat' dir='ltr'><strong>right</strong></span> <span class='ocrx_word' id='word_1_306' title='bbox 1763 2357 1808 2394; x_wconf 92' lang='lat' dir='ltr'><strong>of</strong></span> 
     </span>
     <span class='ocr_line' id='line_1_33' title="bbox 213 2415 1802 2470; baseline 0.001 -13"><span class='ocrx_word' id='word_1_307' title='bbox 213 2418 457 2458; x_wconf 89' lang='lat' dir='ltr'><strong>inheritance</strong></span> <span class='ocrx_word' id='word_1_308' title='bbox 476 2425 517 2457; x_wconf 93' lang='lat' dir='ltr'><strong>to</strong></span> <span class='ocrx_word' id='word_1_309' title='bbox 537 2419 605 2456; x_wconf 90' lang='lat' dir='ltr'><strong>the</strong></span> <span class='ocrx_word' id='word_1_310' title='bbox 625 2424 781 2467; x_wconf 90' lang='lat' dir='ltr'><strong>present</strong></span> <span class='ocrx_word' id='word_1_311' title='bbox 802 2417 905 2455; x_wconf 90' lang='lat' dir='ltr'><strong>Earl.</strong></span> <span class='ocrx_word' id='word_1_312' title='bbox 964 2416 1068 2453; x_wconf 87' lang='lat' dir='ltr'><strong>Alan</strong></span> <span class='ocrx_word' id='word_1_313' title='bbox 1088 2415 1184 2453; x_wconf 90' lang='lat' dir='ltr'><strong>then</strong></span> <span class='ocrx_word' id='word_1_314' title='bbox 1214 2421 1316 2453; x_wconf 90' lang='lat' dir='ltr'><strong>went</strong></span> <span class='ocrx_word' id='word_1_315' title='bbox 1345 2422 1386 2453; x_wconf 94' lang='lat' dir='ltr'><strong>to</strong></span> <span class='ocrx_word' id='word_1_316' title='bbox 1416 2416 1483 2455; x_wconf 91' lang='lat' dir='ltr'><strong>the</strong></span> <span class='ocrx_word' id='word_1_317' title='bbox 1513 2419 1604 2455; x_wconf 88' lang='lat' dir='ltr'><strong>Earl</strong></span> <span class='ocrx_word' id='word_1_318' title='bbox 1633 2420 1802 2470; x_wconf 89' lang='lat' dir='ltr'><strong>alleging</strong></span> 
     </span>
     <span class='ocr_line' id='line_1_34' title="bbox 213 2479 1801 2535; baseline 0.001 -13"><span class='ocrx_word' id='word_1_319' title='bbox 213 2484 297 2522; x_wconf 88' lang='lat' dir='ltr'><strong>that</strong></span> <span class='ocrx_word' id='word_1_320' title='bbox 317 2484 366 2523; x_wconf 89' lang='lat' dir='ltr'><strong>he</strong></span> <span class='ocrx_word' id='word_1_321' title='bbox 386 2496 462 2522; x_wconf 87' lang='lat' dir='ltr'><strong>was</strong></span> <span class='ocrx_word' id='word_1_322' title='bbox 481 2483 673 2533; x_wconf 88' lang='lat' dir='ltr'><strong>prepared</strong></span> <span class='ocrx_word' id='word_1_323' title='bbox 694 2482 788 2530; x_wconf 88' lang='lat' dir='ltr'><strong>duly</strong></span> <span class='ocrx_word' id='word_1_324' title='bbox 808 2488 866 2531; x_wconf 67' lang='lat' dir='ltr'><strong>tov</strong></span> <span class='ocrx_word' id='word_1_325' title='bbox 884 2492 1006 2530; x_wconf 91' lang='lat' dir='ltr'><strong>prove</strong></span> <span class='ocrx_word' id='word_1_326' title='bbox 1035 2480 1119 2518; x_wconf 85' lang='lat' dir='ltr'><strong>that</strong></span> <span class='ocrx_word' id='word_1_327' title='bbox 1148 2479 1215 2517; x_wconf 84' lang='lat' dir='ltr'><strong>the</strong></span> <span class='ocrx_word' id='word_1_328' title='bbox 1245 2479 1359 2518; x_wconf 82' lang='lat' dir='ltr'><strong>office</strong></span> <span class='ocrx_word' id='word_1_329' title='bbox 1388 2480 1467 2519; x_wconf 88' lang='lat' dir='ltr'><strong>had</strong></span> <span class='ocrx_word' id='word_1_330' title='bbox 1497 2482 1599 2521; x_wconf 92' lang='lat' dir='ltr'><strong>been</strong></span> <span class='ocrx_word' id='word_1_331' title='bbox 1628 2485 1801 2535; x_wconf 88' lang='lat' dir='ltr'><strong>unjustly</strong></span> 
     </span>
     <span class='ocr_line' id='line_1_35' title="bbox 213 2544 1801 2597; baseline 0.001 -12"><span class='ocrx_word' id='word_1_332' title='bbox 213 2547 400 2586; x_wconf 88' lang='lat' dir='ltr'><strong>withheld</strong></span> <span class='ocrx_word' id='word_1_333' title='bbox 428 2548 528 2586; x_wconf 85' lang='lat' dir='ltr'><strong>from</strong></span> <span class='ocrx_word' id='word_1_334' title='bbox 558 2546 639 2584; x_wconf 90' lang='lat' dir='ltr'><strong>him</strong></span> <span class='ocrx_word' id='word_1_335' title='bbox 671 2545 712 2584; x_wconf 93' lang='lat' dir='ltr'><strong>in</strong></span> <span class='ocrx_word' id='word_1_336' title='bbox 743 2556 1019 2594; x_wconf 92' lang='lat' dir='ltr'><strong>consequence</strong></span> <span class='ocrx_word' id='word_1_337' title='bbox 1050 2544 1091 2581; x_wconf 82' lang='lat' dir='ltr'><strong>of</strong></span> <span class='ocrx_word' id='word_1_338' title='bbox 1119 2544 1186 2582; x_wconf 88' lang='lat' dir='ltr'><strong>the</strong></span> <span class='ocrx_word' id='word_1_339' title='bbox 1218 2544 1314 2581; x_wconf 89' lang='lat' dir='ltr'><strong>false</strong></span> <span class='ocrx_word' id='word_1_340' title='bbox 1347 2551 1577 2583; x_wconf 86' lang='lat' dir='ltr'><strong>statements</strong></span> <span class='ocrx_word' id='word_1_341' title='bbox 1612 2548 1728 2586; x_wconf 88' lang='lat' dir='ltr'><strong>made</strong></span> <span class='ocrx_word' id='word_1_342' title='bbox 1749 2549 1801 2597; x_wconf 92' lang='lat' dir='ltr'><strong>by</strong></span> 
     </span>
     <span class='ocr_line' id='line_1_36' title="bbox 213 2607 1800 2662; baseline 0.001 -11"><span class='ocrx_word' id='word_1_343' title='bbox 213 2613 320 2662; x_wconf 91' lang='lat' dir='ltr'><strong>John</strong></span> <span class='ocrx_word' id='word_1_344' title='bbox 339 2613 390 2651; x_wconf 94' lang='lat' dir='ltr'><strong>de</strong></span> <span class='ocrx_word' id='word_1_345' title='bbox 410 2613 581 2650; x_wconf 89' lang='lat' dir='ltr'><strong>Bulmer.</strong></span> <span class='ocrx_word' id='word_1_346' title='bbox 641 2612 730 2649; x_wconf 92' lang='lat' dir='ltr'><strong>The</strong></span> <span class='ocrx_word' id='word_1_347' title='bbox 751 2611 844 2648; x_wconf 86' lang='lat' dir='ltr'><strong>Earl</strong></span> <span class='ocrx_word' id='word_1_348' title='bbox 863 2608 1008 2659; x_wconf 88' lang='lat' dir='ltr'><strong>having</strong></span> <span class='ocrx_word' id='word_1_349' title='bbox 1030 2609 1146 2647; x_wconf 91' lang='lat' dir='ltr'><strong>made</strong></span> <span class='ocrx_word' id='word_1_350' title='bbox 1166 2607 1321 2658; x_wconf 86' lang='lat' dir='ltr'><strong>inquiry</strong></span> <span class='ocrx_word' id='word_1_351' title='bbox 1341 2607 1425 2647; x_wconf 90' lang='lat' dir='ltr'><strong>into</strong></span> <span class='ocrx_word' id='word_1_352' title='bbox 1446 2610 1513 2648; x_wconf 91' lang='lat' dir='ltr'><strong>the</strong></span> <span class='ocrx_word' id='word_1_353' title='bbox 1533 2612 1638 2649; x_wconf 89' lang='lat' dir='ltr'><strong>truth</strong></span> <span class='ocrx_word' id='word_1_354' title='bbox 1659 2613 1703 2650; x_wconf 91' lang='lat' dir='ltr'><strong>of</strong></span> <span class='ocrx_word' id='word_1_355' title='bbox 1732 2614 1800 2653; x_wconf 89' lang='lat' dir='ltr'><strong>the</strong></span> 
     </span>
     <span class='ocr_line' id='line_1_37' title="bbox 213 2673 1800 2727; baseline 0.001 -12"><span class='ocrx_word' id='word_1_356' title='bbox 213 2684 354 2715; x_wconf 85' lang='lat' dir='ltr'><strong>matter</strong></span> <span class='ocrx_word' id='word_1_357' title='bbox 372 2677 426 2727; x_wconf 94' lang='lat' dir='ltr'><strong>by</strong></span> <span class='ocrx_word' id='word_1_358' title='bbox 445 2676 505 2714; x_wconf 91' lang='lat' dir='ltr'><strong>his</strong></span> <span class='ocrx_word' id='word_1_359' title='bbox 525 2674 665 2715; x_wconf 86' lang='lat' dir='ltr'><strong>bailiffs</strong></span> <span class='ocrx_word' id='word_1_360' title='bbox 685 2675 765 2713; x_wconf 90' lang='lat' dir='ltr'><strong>and</strong></span> <span class='ocrx_word' id='word_1_361' title='bbox 785 2674 936 2713; x_wconf 88' lang='lat' dir='ltr'><strong>officers</strong></span> <span class='ocrx_word' id='word_1_362' title='bbox 957 2674 1002 2712; x_wconf 88' lang='lat' dir='ltr'><strong>of</strong></span> <span class='ocrx_word' id='word_1_363' title='bbox 1016 2673 1084 2712; x_wconf 91' lang='lat' dir='ltr'><strong>the</strong></span> <span class='ocrx_word' id='word_1_364' title='bbox 1104 2674 1235 2720; x_wconf 83' lang='lat' dir='ltr'><strong>forest,</strong></span> <span class='ocrx_word' id='word_1_365' title='bbox 1256 2673 1336 2711; x_wconf 83' lang='lat' dir='ltr'><strong>and</strong></span> <span class='ocrx_word' id='word_1_366' title='bbox 1355 2674 1463 2722; x_wconf 90' lang='lat' dir='ltr'><strong>John</strong></span> <span class='ocrx_word' id='word_1_367' title='bbox 1483 2675 1534 2713; x_wconf 91' lang='lat' dir='ltr'><strong>de</strong></span> <span class='ocrx_word' id='word_1_368' title='bbox 1556 2677 1800 2716; x_wconf 89' lang='lat' dir='ltr'><strong>Monmouth</strong></span> 
     </span>
     <span class='ocr_line' id='line_1_38' title="bbox 213 2736 1799 2790; baseline 0.001 -11"><span class='ocrx_word' id='word_1_369' title='bbox 213 2740 357 2790; x_wconf 83' lang='lat' dir='ltr'><strong>having</strong></span> <span class='ocrx_word' id='word_1_370' title='bbox 376 2740 605 2780; x_wconf 89' lang='lat' dir='ltr'><strong>renounced</strong></span> <span class='ocrx_word' id='word_1_371' title='bbox 625 2746 667 2778; x_wconf 91' lang='lat' dir='ltr'><strong>to</strong></span> <span class='ocrx_word' id='word_1_372' title='bbox 687 2739 754 2778; x_wconf 89' lang='lat' dir='ltr'><strong>the</strong></span> <span class='ocrx_word' id='word_1_373' title='bbox 784 2739 876 2777; x_wconf 88' lang='lat' dir='ltr'><strong>Earl</strong></span> <span class='ocrx_word' id='word_1_374' title='bbox 904 2739 955 2776; x_wconf 90' lang='lat' dir='ltr'><strong>all</strong></span> <span class='ocrx_word' id='word_1_375' title='bbox 983 2736 1044 2775; x_wconf 86' lang='lat' dir='ltr'><strong>his</strong></span> <span class='ocrx_word' id='word_1_376' title='bbox 1073 2736 1194 2787; x_wconf 87' lang='lat' dir='ltr'><strong>rights</strong></span> <span class='ocrx_word' id='word_1_377' title='bbox 1223 2744 1265 2775; x_wconf 93' lang='lat' dir='ltr'><strong>to</strong></span> <span class='ocrx_word' id='word_1_378' title='bbox 1293 2738 1361 2776; x_wconf 91' lang='lat' dir='ltr'><strong>the</strong></span> <span class='ocrx_word' id='word_1_379' title='bbox 1390 2738 1514 2786; x_wconf 86' lang='lat' dir='ltr'><strong>office,</strong></span> <span class='ocrx_word' id='word_1_380' title='bbox 1547 2740 1612 2778; x_wconf 92' lang='lat' dir='ltr'><strong>the</strong></span> <span class='ocrx_word' id='word_1_381' title='bbox 1634 2742 1726 2779; x_wconf 92' lang='lat' dir='ltr'><strong>Earl</strong></span> <span class='ocrx_word' id='word_1_382' title='bbox 1744 2755 1799 2781; x_wconf 92' lang='lat' dir='ltr'><strong>re-</strong></span> 
     </span>
     <span class='ocr_line' id='line_1_39' title="bbox 212 2800 1803 2854; baseline 0.001 -10"><span class='ocrx_word' id='word_1_383' title='bbox 212 2806 345 2844; x_wconf 87' lang='lat' dir='ltr'><strong>stored</strong></span> <span class='ocrx_word' id='word_1_384' title='bbox 375 2806 442 2844; x_wconf 89' lang='lat' dir='ltr'><strong>the</strong></span> <span class='ocrx_word' id='word_1_385' title='bbox 471 2812 656 2854; x_wconf 90' lang='lat' dir='ltr'><strong>purparty</strong></span> <span class='ocrx_word' id='word_1_386' title='bbox 676 2811 717 2843; x_wconf 93' lang='lat' dir='ltr'><strong>to</strong></span> <span class='ocrx_word' id='word_1_387' title='bbox 750 2804 855 2841; x_wconf 89' lang='lat' dir='ltr'><strong>Alan</strong></span> <span class='ocrx_word' id='word_1_388' title='bbox 885 2815 928 2841; x_wconf 86' lang='lat' dir='ltr'><strong>as</strong></span> <span class='ocrx_word' id='word_1_389' title='bbox 956 2801 1017 2840; x_wconf 91' lang='lat' dir='ltr'><strong>his</strong></span> <span class='ocrx_word' id='word_1_390' title='bbox 1047 2800 1175 2851; x_wconf 88' lang='lat' dir='ltr'><strong>right:</strong></span> <span class='ocrx_word' id='word_1_391' title='bbox 1205 2802 1309 2839; x_wconf 84' lang='lat' dir='ltr'><strong>Alan</strong></span> <span class='ocrx_word' id='word_1_392' title='bbox 1338 2801 1458 2852; x_wconf 89' lang='lat' dir='ltr'><strong>being</strong></span> <span class='ocrx_word' id='word_1_393' title='bbox 1488 2803 1616 2842; x_wconf 90' lang='lat' dir='ltr'><strong>seised</strong></span> <span class='ocrx_word' id='word_1_394' title='bbox 1645 2805 1803 2845; x_wconf 91' lang='lat' dir='ltr'><strong>thereof</strong></span> 
     </span>
     <span class='ocr_line' id='line_1_40' title="bbox 213 2864 1803 2917; baseline 0.001 -9"><span class='ocrx_word' id='word_1_395' title='bbox 213 2869 410 2909; x_wconf 84' lang='lat' dir='ltr'><strong>enfeoffed</strong></span> <span class='ocrx_word' id='word_1_396' title='bbox 422 2868 592 2907; x_wconf 87' lang='lat' dir='ltr'><strong>William</strong></span> <span class='ocrx_word' id='word_1_397' title='bbox 613 2869 665 2907; x_wconf 92' lang='lat' dir='ltr'><strong>de</strong></span> <span class='ocrx_word' id='word_1_398' title='bbox 685 2868 885 2917; x_wconf 90' lang='lat' dir='ltr'><strong>Percehay</strong></span> <span class='ocrx_word' id='word_1_399' title='bbox 905 2867 985 2905; x_wconf 87' lang='lat' dir='ltr'><strong>and</strong></span> <span class='ocrx_word' id='word_1_400' title='bbox 1005 2865 1065 2904; x_wconf 89' lang='lat' dir='ltr'><strong>his</strong></span> <span class='ocrx_word' id='word_1_401' title='bbox 1086 2864 1189 2904; x_wconf 90' lang='lat' dir='ltr'><strong>heirs</strong></span> <span class='ocrx_word' id='word_1_402' title='bbox 1211 2867 1269 2903; x_wconf 91' lang='lat' dir='ltr'><strong>for</strong></span> <span class='ocrx_word' id='word_1_403' title='bbox 1289 2879 1389 2914; x_wconf 88' lang='lat' dir='ltr'><strong>ever,</strong></span> <span class='ocrx_word' id='word_1_404' title='bbox 1413 2867 1464 2916; x_wconf 91' lang='lat' dir='ltr'><strong>by</strong></span> <span class='ocrx_word' id='word_1_405' title='bbox 1484 2867 1608 2906; x_wconf 85' lang='lat' dir='ltr'><strong>virtue</strong></span> <span class='ocrx_word' id='word_1_406' title='bbox 1628 2869 1803 2909; x_wconf 88' lang='lat' dir='ltr'><strong>whereof</strong></span> 
     </span>
     <span class='ocr_line' id='line_1_41' title="bbox 212 2930 1797 2982; baseline 0.001 -10"><span class='ocrx_word' id='word_1_407' title='bbox 212 2935 264 2973; x_wconf 91' lang='lat' dir='ltr'><strong>he</strong></span> <span class='ocrx_word' id='word_1_408' title='bbox 283 2946 359 2972; x_wconf 87' lang='lat' dir='ltr'><strong>was</strong></span> <span class='ocrx_word' id='word_1_409' title='bbox 388 2932 517 2972; x_wconf 90' lang='lat' dir='ltr'><strong>seised</strong></span> <span class='ocrx_word' id='word_1_410' title='bbox 536 2933 581 2971; x_wconf 90' lang='lat' dir='ltr'><strong>of</strong></span> <span class='ocrx_word' id='word_1_411' title='bbox 604 2933 671 2971; x_wconf 88' lang='lat' dir='ltr'><strong>the</strong></span> <span class='ocrx_word' id='word_1_412' title='bbox 690 2933 825 2982; x_wconf 88' lang='lat' dir='ltr'><strong>profits</strong></span> <span class='ocrx_word' id='word_1_413' title='bbox 846 2930 1008 2970; x_wconf 90' lang='lat' dir='ltr'><strong>derived</strong></span> <span class='ocrx_word' id='word_1_414' title='bbox 1036 2930 1250 2969; x_wconf 85' lang='lat' dir='ltr'><strong>therefrom</strong></span> <span class='ocrx_word' id='word_1_415' title='bbox 1275 2936 1316 2969; x_wconf 86' lang='lat' dir='ltr'><strong>to</strong></span> <span class='ocrx_word' id='word_1_416' title='bbox 1347 2931 1415 2969; x_wconf 90' lang='lat' dir='ltr'><strong>the</strong></span> <span class='ocrx_word' id='word_1_417' title='bbox 1448 2944 1557 2970; x_wconf 86' lang='lat' dir='ltr'><strong>same</strong></span> <span class='ocrx_word' id='word_1_418' title='bbox 1588 2939 1722 2973; x_wconf 83' lang='lat' dir='ltr'><strong>extent</strong></span> <span class='ocrx_word' id='word_1_419' title='bbox 1755 2948 1797 2974; x_wconf 89' lang='lat' dir='ltr'><strong>as</strong></span> 
     </span>
     <span class='ocr_line' id='line_1_42' title="bbox 215 2997 736 3046; baseline -0.006 -9"><span class='ocrx_word' id='word_1_420' title='bbox 215 2999 370 3037; x_wconf 87' lang='lat' dir='ltr'><strong>Parnell</strong></span> <span class='ocrx_word' id='word_1_421' title='bbox 390 2997 430 3035; x_wconf 91' lang='lat' dir='ltr'><strong>in</strong></span> <span class='ocrx_word' id='word_1_422' title='bbox 451 2997 520 3036; x_wconf 92' lang='lat' dir='ltr'><strong>her</strong></span> <span class='ocrx_word' id='word_1_423' title='bbox 539 3003 736 3046; x_wconf 88' lang='lat' dir='ltr'><strong>purparty.</strong></span> 
     </span>
    </p>

    <p class='ocr_par' dir='ltr' id='par_1_4' title="bbox 265 3052 1740 3113">
     <span class='ocr_line' id='line_1_43' title="bbox 265 3052 1740 3113; baseline 0 -11"><span class='ocrx_word' id='word_1_424' title='bbox 265 3052 480 3103; x_wconf 83' lang='lat' dir='ltr'><strong>Therefore</strong></span> <span class='ocrx_word' id='word_1_425' title='bbox 499 3062 574 3101; x_wconf 90' lang='lat' dir='ltr'><strong>the.</strong></span> <span class='ocrx_word' id='word_1_426' title='bbox 587 3061 701 3100; x_wconf 88' lang='lat' dir='ltr'><strong>claim</strong></span> <span class='ocrx_word' id='word_1_427' title='bbox 723 3061 768 3099; x_wconf 88' lang='lat' dir='ltr'><strong>of</strong></span> <span class='ocrx_word' id='word_1_428' title='bbox 791 3059 962 3099; x_wconf 84' lang='lat' dir='ltr'><strong>William</strong></span> <span class='ocrx_word' id='word_1_429' title='bbox 983 3058 1014 3098; x_wconf 91' lang='lat' dir='ltr'><strong>is</strong></span> <span class='ocrx_word' id='word_1_430' title='bbox 1035 3059 1201 3098; x_wconf 88' lang='lat' dir='ltr'><strong>allowed</strong></span> <span class='ocrx_word' id='word_1_431' title='bbox 1221 3058 1358 3109; x_wconf 84' lang='lat' dir='ltr'><strong>saving</strong></span> <span class='ocrx_word' id='word_1_432' title='bbox 1377 3059 1444 3099; x_wconf 89' lang='lat' dir='ltr'><strong>the</strong></span> <span class='ocrx_word' id='word_1_433' title='bbox 1467 3060 1587 3100; x_wconf 87' lang='lat' dir='ltr'><strong>Earls</strong></span> <span class='ocrx_word' id='word_1_434' title='bbox 1608 3060 1740 3113; x_wconf 87' lang='lat' dir='ltr'><strong>rights.</strong></span> 
     </span>
    </p>
   </div>
  </div>
 </body>
</html>
