2044 3491
252 203 331 256 198
912 213 1181 246 APPENDix.

243 307 326 357 lith‚
360 310 564 359 Snaynton
605 316 643 348 et
681 310 826 350 Salden
867 324 944 362 que
990 312 1195 362 quondam
1244 311 1401 350 fuerunt
1444 310 1598 349 domini
1644 310 1838 361 Johannis

245 377 392 424 Moryn
420 374 541 424 patris
562 374 651 423 mei,
673 375 726 414 ita
747 377 857 425 quod
886 389 961 415 nec
997 390 1071 427 ego
1105 376 1235 415 dictus
1266 377 1471 425 Johannes
1505 376 1607 414 filius
1640 377 1836 425 Johannis

246 441 392 490 Moryn
411 429 672 479 nec-heredes
693 441 771 480 mei
800 455 874 480 nec
905 441 1046 492 aliquis
1078 442 1178 480 alius
1212 441 1375 480 nomine
1406 448 1542 479 nostro
1571 440 1722 490 aliquid
1739 440 1838 490 juris

243 506 307 545 vel
326 505 513 544 clamium
533 505 573 543 in
594 505 780 555 predictis
800 507 911 546 terris
941 516 980 546 et
1009 506 1247 546 tenementis
1277 520 1368 544 cum
1401 507 1481 545 suis
1509 505 1764 555 pertinenciis
1785 506 1838 543 de

245 579 378 610 cetero
399 570 551 621 exigere
572 571 633 609 vel
652 571 864 610 vendicare
884 572 1101 622 poterimus
1122 571 1411 621 imperpetuum
1426 585 1437 619 3
1467 578 1505 609 et
1536 583 1609 620 ego
1631 571 1838 620 Jobannes

247 636 350 675 filius
369 636 564 686 Johannis
585 644 623 675 et
643 637 809 676 heredes
830 637 908 676 mei
929 638 1062 676 omnia
1085 637 1281 687 predictas
1301 644 1422 675 terras
1439 644 1476 675 et
1497 644 1724 675 tenementa
1744 649 1837 673 cum

228 701 326 739 >suis
347 701 597 751 pertinenciis
619 704 768 752 prefato
798 702 962 741 domino
983 702 1194 750 Willelmo,
1218 702 1430 741 heredibus
1461 709 1498 740 et
1532 701 1737 751 assignatis
1758 701 1837 739 suis

247 773 386 805 contra
425 779 564 805 omnes
594 767 774 806 homines
796 768 1132 806 warantizabimus
1167 775 1206 806 et
1238 767 1533 817 imperpetuum
1563 767 1836 805 defendemus.

248 831 297 869 In
317 832 430 880 cujus
450 830 505 870 rei
525 831 794 870 testimonium
815 833 908 871 huic
928 833 1100 883 presenti
1131 832 1278 883 scripto
1308 832 1480 882 sigillum
1510 844 1644 870 meum
1665 830 1834 880 apposui

247 895 324 934 hiis
343 896 507 935 testibus
524 897 763 945 5—dominis
797 899 1015 948 Radulpho
1049 899 1100 937 de
1136 897 1340 948 Hastings‚
1363 898 1562 936 Willelmo
1594 897 1644 934 de
1675 897 1830 945 Playce,

249 961 448 1008 militibus,
484 963 667 1011 Johanne
701 964 751 1001 de
783 963 985 1011 Shirburn,
1024 965 1203 1002 Roberto
1231 963 1281 1001 de
1315 964 1500 1012 Whyern,
1534 962 1752 1000 Edmundo
1786 962 1838 1000 de

248 1027 452 1076 Hastings,
482 1028 657 1077 Johanni
695 1029 745 1067 de
780 1030 871 1066 Pert
909 1036 947 1067 et
985 1028 1080 1066 aliis.
1170 1030 1320 1066 Datum
1360 1029 1469 1078 apud
1509 1030 1731 1076 Brompton
1771 1025 1837 1064 die

249 1092 411 1132 Sabbati
457 1092 635 1142 proximo
683 1100 772 1142 post
819 1094 960 1131 festum
990 1093 1123 1132 Sancti
1172 1092 1381 1132 Michaelis
1429 1091 1671 1142 Archangeli
1715 1093 1837 1129 Anno

252 1157 415 1196 Domini
435 1157 650 1196 milessimo
670 1157 967 1197 trescentesimo
988 1158 1290 1208 quadragesimo
1310 1157 1443 1196 tercio.

603 1291 747 1330 Coram
769 1292 891 1340 Rege,
916 1290 1037 1328 Mich.
1064 1303 1109 1327 21
1135 1290 1207 1328 Ed.
1243 1291 1337 1338 ΙΙΙ.,
1360 1303 1408 1328 m.
1434 1292 1495 1328 88.

305 1372 503 1411 Dominus
524 1373 612 1410 Rex
632 1372 833 1411 mandavit
853 1371 1051 1410 Willelmo
1072 1373 1123 1411 de
1146 1373 1283 1421 Thorp
1298 1378 1352 1415 ‚et
1373 1370 1488 1410 sociis
1510 1369 1589 1408 suis
1608 1369 1840 1420 Justiciariis

249 1438 368 1476 breve
388 1449 503 1475 suum
538 1437 714 1474 clausum
735 1436 776 1474 in
795 1436 870 1475 hec
890 1438 1016 1475 verba.
1078 1437 1296 1475 Edwardus
1318 1435 1395 1474 Dei
1423 1435 1554 1485 gracia
1585 1436 1675 1473 Rex
1696 1435 1841 1485 Anglie

252 1509 291 1541 et
311 1501 476 1540 Francie
497 1509 535 1540 et
557 1501 753 1540 Dominus
777 1501 969 1540 Hibernie
1003 1501 1157 1540 dilectis
1190 1508 1228 1539 et
1258 1501 1440 1540 fidelibus
1470 1500 1548 1539 suis
1569 1500 1769 1538 Willelmo
1790 1501 1842 1539 de

251 1568 389 1617 Thorp
410 1574 448 1606 et
469 1566 585 1605 sociis
606 1566 683 1605 suis
704 1566 936 1616 Justiciariis
965 1568 1017 1606 ad
1046 1567 1190 1617 placita
1219 1579 1350 1605 coram
1381 1565 1496 1603 nobis
1525 1565 1699 1603 tenenda
1726 1564 1842 1614 assig-

249 1631 352 1670 natis
372 1633 553 1670 salutem.
610 1632 840 1669 Recordum
862 1638 900 1670 et
921 1644 1147 1681 processum
1167 1644 1294 1681 nuper
1322 1629 1456 1668 habita
1476 1643 1608 1668 coram
1630 1629 1782 1668 dilectis
1803 1637 1842 1668 et

248 1696 433 1736 fidelibus
466 1695 609 1734 nostris
644 1695 820 1734 Ricardo
854 1697 905 1734 de
941 1696 1151 1745 Wilughby
1185 1703 1223 1734 et
1258 1695 1375 1733 sociis
1396 1694 1473 1733 suis
1494 1702 1589 1732 tunc
1608 1694 1841 1744 Justiciariis

246 1761 519 1801 itinerantibus
539 1761 590 1799 ad
620 1760 764 1810 placita
792 1761 935 1799 foreste
965 1760 1133 1799 Henrici
1162 1759 1313 1810 nuper*
1355 1758 1522 1798 Comitis
1558 1757 1784 1797 Lancastrie
1799 1759 1841 1796 in

245 1828 391 1865 foresta
410 1827 461 1865 de
478 1827 682 1875 Pykeryng
694 1824 735 1862 in
750 1825 940 1863 comitatu
955 1824 1197 1864 Eboracensi
1212 1826 1262 1864 de
1278 1824 1520 1863 libertatibus
1537 1836 1605 1873 per
1618 1825 1841 1862 Robertum

249 1892 373 1930 filium
394 1891 579 1930 Willelmi
597 1892 767 1941 Wyerne
796 1898 834 1929 et
854 1892 1053 1929 Thornam
1083 1893 1119 1929 T
1122 1891 1267 1929 hurnef
1292 1889 1332 1927 in
1363 1890 1504 1928 eadem
1534 1890 1677 1927 foresta
1706 1902 1840 1927 coram

248 2022 325 2073 ing.
385 2023 517 2061 Know
537 2022 620 2060 that
642 2022 661 2058 I
682 2020 782 2059 have
801 2020 978 2058 released
1011 2021 1091 2058 and
1125 2019 1397 2070 quit-claimed
1432 2026 1472 2057 to
1504 2018 1564 2057 Sir
1591 2017 1760 2056 William
1790 2019 1842 2056 de

247 2089 392 2137 Ayton,
417 2085 582 2136 Knight,
599 2084 664 2123 ‘his
685 2084 787 2123 heirs
807 2085 887 2123 and
907 2083 1067 2135 assigns,
1085 2086 1135 2124 all
1156 2086 1253 2123 such
1273 2085 1387 2123 claim
1408 2084 1488 2122 and
1508 2082 1609 2132 right
1638 2096 1680 2120 as
1702 2084 1720 2119 I
1742 2083 1842 2120 have

249 2153 341 2199 had,
362 2165 407 2190 or
426 2164 501 2189 can
534 2151 574 2189 in
605 2163 682 2200 any
715 2163 798 2199 way
829 2150 939 2197 have,
973 2157 1014 2188 to
1045 2163 1165 2189 seven
1204 2163 1376 2199 oxgangs
1406 2150 1451 2187 of
1475 2149 1600 2196 lands,
1623 2148 1714 2186 with
1748 2148 1841 2185 tofts

249 2215 462 2266 adjoining‚
485 2215 525 2253 in
547 2217 779 2264 Brompton,
801 2213 842 2251 in
863 2214 1070 2264 Pickering
1090 2214 1173 2261 lith‚
1190 2214 1394 2261 Snainton‚
1413 2215 1492 2252 and
1514 2214 1695 2259 Sawdon,
1712 2212 1840 2250 which

249 2282 432 2330 formerly
452 2280 649 2328 belonged
669 2286 710 2317 to
730 2291 796 2328 my
817 2278 951 2325 father,
974 2279 1033 2317 Sir
1052 2280 1159 2328 John
1182 2281 1336 2329 Moryn.
1395 2280 1483 2317 The
1504 2279 1607 2317 deed
1628 2277 1841 2316 contained

249 2359 273 2385 a
311 2346 443 2384 clause
481 2346 525 2383 of
557 2350 746 2392 warranty
785 2343 865 2380 and
903 2356 979 2381 was
1009 2344 1218 2381 witnessed
1247 2351 1286 2381 at
1317 2345 1537 2392 Brompton
1567 2355 1619 2380 on
1649 2343 1842 2392 Saturday

251 2411 321 2458 4th
357 2410 547 2455 October,
573 2420 687 2457 1343,
711 2407 760 2456 by
780 2406 841 2445 Sir
860 2407 993 2457 Ralph
1015 2408 1065 2446 de
1087 2408 1290 2456 Hastings,
1313 2407 1372 2445 Sir
1405 2407 1575 2445 William
1605 2408 1655 2445 de
1685 2407 1838 2456 Playce,

251 2475 358 2524 John
378 2475 429 2512 de
450 2473 703 2518 Shirebourn,
726 2471 878 2510 Robert
912 2472 964 2511 de
997 2473 1176 2522 Wyerne,
1200 2472 1391 2511 Edmund
1423 2472 1475 2510 de
1508 2471 1709 2521 Hastings‚
1731 2471 1841 2520 John

253 2541 304 2578 de
324 2541 427 2586 Pert,
449 2539 529 2577 and
551 2538 695 2576 others,

847 2669 1119 2715 Michaelmas,
1147 2681 1162 2706 1
1171 2679 1258 2718 347.

306 2753 394 2791 The
416 2751 525 2802 King
545 2751 722 2790 directed
741 2764 765 2790 a
783 2751 890 2789 close
910 2749 992 2788 writ
1012 2757 1054 2788 to
1074 2749 1243 2787 William
1264 2750 1314 2788 de
1335 2750 1495 2799 Thorpe
1516 2750 1594 2788 and
1623 2749 1684 2788 his
1713 2751 1842 2788 fellow

251 2816 421 2867 Justices
441 2817 487 2854 of
515 2817 582 2854 the
603 2816 742 2865 King's
764 2815 913 2862 Bench,
935 2815 1113 2863 together
1134 2814 1224 2852 with
1246 2815 1313 2852 the
1333 2815 1473 2853 record
1507 2816 1552 2852 of
1580 2815 1647 2853 the
1668 2813 1840 2853 liberties

251 2881 419 2920 claimed
440 2881 491 2931 by
512 2882 675 2927 Robert,
697 2892 769 2918 son
790 2880 835 2918 of
864 2879 1032 2917 William
1053 2880 1234 2928 Wyerne,
1269 2880 1349 2917 and
1380 2880 1557 2917 Thomas
1591 2880 1774 2917 Thurnef
1799 2879 1840 2916 in

253 2945 319 2983 the
341 2946 478 2983 Forest
498 2945 601 2994 Eyre
620 2944 713 2982 held
742 2950 782 2981 at
813 2943 1018 2993 Pickering
1038 2943 1089 2993 by
1109 2944 1263 2981 Robert
1284 2944 1334 2982 de
1354 2944 1607 2994 Willoughby
1626 2944 1707 2982 and
1727 2945 1841 2982 other

773 3041 790 3058 ⁴*
809 3042 864 3073 He
881 3040 958 3073 died
973 3041 1029 3073 the
1045 3041 1223 3083 preceding
1238 3051 1324 3083 year.
