2044 3491
739 233 975 268 couci-nm
1007 232 1150 265 BOOK.
1691 213 1740 270 53

210 337 312 374 Item
346 340 573 385 presentant
608 334 717 383 quod
751 333 813 382 xvj
850 333 972 370 boves
1004 329 1125 380 precii
1163 326 1373 377 cujuslibet
1408 333 1446 363 vS
1479 324 1547 376 qui
1587 326 1742 363 suerunt

157 400 322 440 Roberti
356 400 423 438 filii
454 398 639 437 Willelmi
673 398 724 436 ad
758 404 911 447 portam
945 394 1094 434 inventi
1126 395 1283 432 fuerunt
1316 391 1357 429 in
1391 391 1638 439 Aleyntoftes
1673 402 1742 438 per

155 466 323 504 wardam
371 467 514 503 factam
563 463 648 502 sine
695 462 968 513 agistamento‚
1009 460 1115 497 unde
1164 458 1363 496 Robertus
1411 457 1555 505 Wyern
1602 460 1740 492 tenens

155 539 343 569 terrarum
374 537 412 569 et
443 535 761 568 tenementorum
798 540 876 577 que
911 528 1066 564 fuerunt
1097 522 1263 561 Roberti
1291 523 1436 571 Wyern
1471 532 1594 569 nuper
1625 518 1741 556 unius

155 595 326 634 viridarii
346 602 383 632 et
403 596 608 644 Johannes
641 594 691 632 de
723 595 834 630 Irton
863 599 1002 630 tenens
1031 597 1217 628 terrarum
1249 594 1287 626 et
1316 593 1632 625 tenementorum
1663 596 1742 634 que

157 661 313 698 fuerunt
332 659 515 697 Willelmi
537 657 569 710 [?
590 659 640 696 de
662 656 790 709 Irton]
811 669 937 706 nuper
956 655 1111 694 alterius
1132 652 1303 692 viridarii
1323 652 1631 702 respondebunt.

211 726 315 762 Item
345 730 571 773 presentant
598 723 707 772 quod
741 722 814 771 xvij
848 720 972 759 bestie
1006 719 1126 770 precii
1153 718 1364 768 cujuslibet
1395 717 1465 767 iiijS
1495 724 1532 755 et
1561 717 1597 766 vj
1635 715 1743 766 porci

157 788 278 840 precii
307 788 518 838 cujuslibet
547 787 589 837 ijS
618 786 766 825 inventi
797 787 952 824 fuerunt
986 785 1026 823 in
1062 785 1280 834 Langedon
1312 797 1381 833 per
1400 783 1570 821 wardam
1602 783 1744 820 factam

159 856 266 894 unde
304 861 484 894 tenentes
523 861 712 892 terrarum
751 860 790 891 et
828 858 1142 890 tenementorum
1183 862 1260 900 que
1298 850 1455 887 fuerunt
1494 846 1656 886 Ricardi
1694 848 1745 885 de

159 922 322 960 Shelton
343 933 467 970 nuper
487 918 662 957 custodis
683 919 824 956 foreste
844 917 1141 966 respondebunt
1161 923 1234 954 etc.

215 987 317 1024 Item
351 991 577 1035 presentant
607 985 717 1034 quod
750 982 852 1033 xxiiij
888 983 1009 1021 boves
1040 980 1159 1032 precii
1190 979 1399 1030 cujuslibet
1428 986 1466 1016 vS
1495 978 1561 1029 qui
1590 979 1747 1016 fuerunt

161 1050 346 1089 Willelmi
367 1051 417 1089 de
448 1050 587 1088 Everle
622 1048 689 1099 qui
724 1048 821 1087 obiit
853 1048 1000 1086 inventi
1029 1049 1185 1086 fuerunt
1220 1046 1261 1084 in
1295 1052 1406 1095 prato
1437 1046 1487 1083 de
1510 1044 1637 1093 Dalby
1658 1050 1748 1093 post

161 1118 295 1154 fenum
329 1115 545 1153 abductum
578 1127 648 1163 per
681 1115 850 1152 wardam
887 1115 1041 1159 factam,
1078 1112 1184 1150 unde
1220 1111 1421 1149 Robertus
1456 1108 1659 1148 Bercarius
1698 1109 1749 1147 de

164 1180 372 1218 Ellerburn
393 1186 431 1218 et
452 1180 655 1229 Johannes
677 1179 840 1217 Nebard
861 1177 978 1228 plegii
999 1176 1118 1226 ipsius
1139 1174 1325 1214 Willelrni
1345 1175 1655 1224 respondebunt.

217 1246 321 1283 Item
351 1252 577 1294 presentant
608 1245 717 1294 quod
749 1245 830 1282 duo
860 1245 982 1281 boves
1014 1242 1134 1292 precii
1161 1240 1369 1290 cujuslibet
1399 1239 1469 1289 iiij⁵
1498 1239 1566 1289 qui
1594 1239 1751 1277 fuerunt

164 1308 311 1358 Rogeri
331 1311 381 1348 de
404 1309 591 1359 Morpath
614 1308 682 1359 qui
711 1308 808 1346 obiit
837 1306 987 1345 inventi
1018 1308 1172 1345 fuerunt
1201 1305 1241 1343 in
1272 1304 1483 1344 dominicis
1504 1302 1656 1342 domini
1685 1316 1754 1353 per

166 1375 334 1413 wardam
364 1375 520 1421 factam,
543 1375 649 1412 uncle
670 1373 887 1412 Willelmus
918 1373 1032 1422 Plays
1068 1372 1179 1409 miles
1213 1378 1352 1409 tenens
1382 1376 1570 1408 terrarum
1593 1376 1631 1408 et
1650 1376 1756 1408 tene-

164 1447 388 1478 mentorum
410 1452 489 1489 que
510 1440 667 1477 fuerunt
689 1438 811 1488 ipsius
833 1437 980 1488 Rogeri
1000 1435 1268 1486 respondebit.

221 1505 326 1543 Item
348 1511 574 1555 presentant
594 1505 703 1554 quod
724 1504 900 1554 quinque
930 1503 1039 1553 porci
1069 1502 1188 1553 precii
1209 1509 1246 1540 Χ5
1267 1500 1335 1552 qui
1364 1502 1519 1539 fuerunt
1549 1497 1758 1538 Laurencii

168 1569 350 1607 Forester
384 1568 451 1619 qui
486 1569 585 1608 obiit
626 1568 776 1607 inventi
815 1570 970 1607 fuerunt
1010 1568 1049 1606 in
1089 1580 1207 1618 parco
1246 1568 1296 1605 de
1336 1565 1543 1614 Blandeby
1580 1572 1759 1614 tempore

167 1633 352 1684 pannagii
372 1647 455 1673 non
474 1633 629 1684 agistati
649 1634 755 1672 unde
777 1633 909 1673 David
939 1635 990 1672 de
1012 1635 1173 1672 Neuton
1194 1631 1295 1670 filius
1316 1632 1401 1681 ejus
1423 1638 1461 1670 et
1482 1631 1595 1668 heres
1616 1637 1758 1668 tenens

167 1706 357 1737 terrarum
378 1706 416 1738 et
439 1707 755 1738 tenementorum
777 1712 854 1749 que
875 1700 1032 1737 fuerunt
1053 1697 1174 1748 ipsius
1197 1697 1406 1736 Laurencii
1426 1695 1691 1746 respondebit.

229 1766 332 1804 Item
371 1772 599 1815 presentant
638 1765 748 1815 quod
779 1765 842 1814 viij
879 1764 988 1814 porci
1024 1763 1141 1814 precii
1182 1762 1392 1812 cujuslibet
1430 1762 1472 1812 ij⁵
1507 1761 1574 1812 qui
1608 1761 1763 1798 fuerunt

171 1831 352 1872 Godardi
381 1832 562 1869 Forester
591 1829 659 1880 qui
689 1829 786 1868 obiit
817 1829 966 1868 inventi
1000 1831 1157 1868 fuerunt
1191 1828 1338 1867 ibidem
1369 1835 1547 1877 tempore
1577 1822 1763 1875 pannagii

174 1911 255 1936 non
294 1895 457 1947 agistati‚
498 1896 606 1934 unde
645 1895 765 1933 iidem
805 1902 984 1934 tenentes
1023 1902 1211 1933 terrarum
1251 1900 1289 1932 et
1327 1899 1645 1932 tenementorum
1685 1900 1764 1938 que

174 1964 329 2002 fuerunt
350 1961 512 2000 Ricardi
534 1962 583 2000 de
606 1961 770 1999 Shelton
790 1973 914 2009 nuper
935 1959 1111 1998 custodis
1131 1959 1437 2009 respondebunt.

177 2092 307 2130 Adam
341 2091 409 2129 the
430 2089 635 2135 Stirkhird‚
657 2090 738 2127 and
759 2088 908 2127 sixteen
930 2101 1032 2127 oxen
1052 2088 1173 2126 worth
1197 2095 1234 2138 5S
1254 2086 1402 2137 apiece‚
1426 2085 1706 2135 thefproperty
1728 2085 1772 2122 of

176 2157 340 2203 Robert,
362 2168 435 2194 son
465 2156 508 2193 of
534 2153 704 2192 William
735 2161 773 2192 at
802 2154 870 2192 the
900 2154 1012 2200 Gate,
1036 2154 1094 2191 for
1124 2152 1251 2191 which
1281 2153 1434 2190 Robert
1455 2152 1504 2190 de
1528 2152 1669 2199 Wyern
1689 2150 1768 2187 and

177 2222 284 2271 John
307 2221 357 2259 de
380 2221 490 2258 Irton
510 2218 769 2268 respectively
799 2230 1020 2256 successors
1051 2219 1096 2256 of
1121 2218 1187 2256 the
1216 2218 1294 2255 late
1313 2217 1514 2255 verderers
1544 2215 1697 2253 Robert
1717 2214 1768 2252 de

177 2287 320 2335 Wyern
341 2285 422 2323 and
442 2284 612 2322 William
642 2284 692 2322 de
723 2285 846 2330 Irton,
869 2295 933 2321 are
963 2283 1235 2333 responsible;
1264 2282 1304 2320 in
1333 2282 1535 2331 Langdale
1555 2286 1769 2318 seventeen

177 2351 307 2389 beasts
342 2350 464 2389 worth
499 2356 538 2397 45
567 2348 703 2399 apiece
736 2350 816 2388 and
847 2349 906 2388 six
939 2348 1023 2399 pigs
1052 2349 1176 2386 worth
1212 2355 1248 2385 2S
1281 2347 1429 2397 apiece,
1459 2348 1517 2385 sor
1545 2345 1671 2384 which
1703 2346 1770 2384 the

179 2427 403 2453 successors
424 2415 468 2452 of
497 2413 673 2452 Richard
703 2415 754 2452 de
784 2415 948 2453 Skelton
977 2427 1042 2452 are
1071 2412 1316 2463 responsible
1331 2427 1341 2460 3
1370 2411 1411 2449 in
1433 2412 1563 2460 Dalby
1585 2412 1771 2449 Meadow

178 2480 425 2528 twenty-four
445 2491 548 2517 oxen
568 2479 690 2516 worth
712 2486 751 2526 45
771 2478 917 2528 apiece‚
941 2479 1008 2517 the
1039 2486 1224 2528 property
1245 2478 1291 2515 of
1312 2475 1484 2514 William
1518 2477 1568 2514 de
1591 2476 1768 2525 Everley,

180 2545 240 2582 for
277 2543 404 2582 which
442 2543 502 2581 his
541 2544 715 2591 sureties,
756 2545 909 2582 Robert
948 2544 1164 2593 Shepherd,
1204 2543 1249 2581 of
1285 2542 1504 2588 EUerburn,
1544 2541 1624 2579 and
1661 2541 1769 2590 John

181 2610 346 2648 Nebard
374 2622 439 2648 are
473 2608 717 2658 responsible
735 2624 745 2657 3
774 2608 814 2647 in
844 2610 910 2648 the
940 2610 1062 2647 Earl's
1094 2610 1302 2647 demesnes
1336 2614 1411 2645 two
1443 2619 1545 2644 oxen
1576 2607 1697 2644 worth
1733 2612 1771 2652 45

182 2673 328 2723 apiece,
369 2675 436 2712 the
474 2681 658 2724 property
693 2674 737 2712 of
764 2674 831 2712 the
864 2675 942 2712 late
974 2675 1109 2723 Roger
1139 2674 1190 2711 de
1223 2671 1422 2721 Morpath,
1465 2672 1524 2709 for
1556 2670 1683 2708 which
1713 2670 1771 2708 Sir

182 2737 352 2775 William
387 2739 501 2788 Plays
534 2737 566 2776 is
587 2737 856 2787 responsible;
885 2737 924 2775 in
947 2737 1120 2788 Blansby
1141 2738 1243 2775 Park
1263 2738 1336 2775 five
1357 2736 1440 2785 pigs
1461 2736 1583 2773 worth
1610 2742 1682 2782 10⁵,
1706 2735 1772 2773 the

184 2809 367 2852 property
387 2804 433 2840 of
456 2803 522 2841 the
542 2803 619 2840 late
641 2803 845 2841 Laurence
864 2803 930 2841 the
951 2804 1123 2848 forester‚
1147 2803 1204 2840 for
1223 2801 1350 2839 which
1372 2801 1432 2838 his
1462 2813 1533 2838 son
1565 2800 1645 2837 and
1675 2798 1770 2845 heir,

186 2866 319 2905 David
352 2867 403 2905 de
433 2866 642 2913 Newton,*
663 2866 694 2904 is
716 2866 972 2916 responsible,
995 2869 1074 2905 and
1095 2866 1201 2915 eight
1230 2865 1314 2915 pigs
1335 2865 1454 2904 worth
1480 2871 1516 2901 2⁵
1535 2864 1683 2913 apiece,
1705 2864 1773 2902 the

185 2938 369 2982 property
390 2932 435 2969 of
450 2931 517 2968 the
536 2931 614 2968 late
637 2931 800 2969 Godard
830 2931 897 2969 the
933 2933 1105 2977 forester‚
1129 2932 1188 2968 for
1218 2930 1344 2968 which
1379 2930 1445 2967 the
1477 2942 1698 2967 successors
1733 2930 1780 2967 of

187 2995 361 3035 Richard
383 2996 433 3034 de
455 2995 618 3034 Skelton
641 3008 705 3034 are
726 2995 992 3045 responsible;
1023 3009 1064 3033 as
1085 2996 1167 3033 also
1189 2995 1247 3032 for
1268 2993 1324 3031 six
1345 2994 1465 3043 sheep
1486 2994 1611 3032 found
1640 2993 1774 3032 within

416 3077 430 3092 *
458 3076 512 3108 He
530 3086 595 3107 was
613 3075 682 3107 also
700 3086 718 3107 a
735 3075 878 3114 forester‚
900 3086 946 3107 see
959 3076 1032 3107 Vol.
1057 3075 1118 3113 11.‚
1139 3075 1238 3113 N.S„
1258 3085 1313 3115 pp.
1336 3080 1375 3115 53
1392 3074 1455 3106 and
1477 3074 1547 3114 148.
