2044 3491
229 201 310 244 170
595 199 768 232 DUCHY
800 199 861 231 OF
893 198 1184 232 LANCASTER
1214 199 1450 232 RECORDS.

222 297 408 349 assignati
429 299 600 348 quedam
622 298 763 337 clamia
783 300 833 337 de
854 297 1017 337 diversis
1037 296 1282 337 libertatibus
1304 310 1372 347 per
1391 296 1580 336 dilectum
1598 304 1636 336 et
1656 297 1818 336 fidelem

222 372 401 402 nostrum
425 363 647 402 Henricum
668 365 719 403 de
741 366 864 414 Percy
883 377 1016 402 coram
1037 362 1148 401 vobis
1169 369 1207 401 et
1244 361 1359 401 sociis
1392 362 1528 401 vestris
1562 362 1748 413 predictis
1776 361 1817 400 in

224 430 363 468 eadem
386 430 529 467 foresta
548 429 742 468 habendis
764 431 865 467 facta
896 435 1056 479 propter
1088 428 1280 478 quasdam
1315 427 1564 466 difficultates
1598 426 1638 465 in
1668 426 1818 465 eisdem

222 493 370 532 clamiis
401 494 633 533 contentas²'‘=
676 507 809 532 coram
846 493 962 532 nobis
1006 491 1304 542 adjornaveritis
1343 500 1386 530 ut
1425 491 1663 542 accepimus,
1703 490 1816 529 vobis

222 560 457 598 mandamus
487 560 595 609 quod
624 558 656 597 si
684 558 737 597 ita
766 566 824 598 est
854 557 987 597 omnia
1015 556 1156 596 clamia
1176 556 1353 606 predicta
1372 569 1530 595 necnon
1550 556 1759 595 recordum
1780 562 1819 594 et

222 637 431 674 processus
451 623 545 663 inde
565 637 697 662 coram
719 623 830 662 vobis
851 622 985 661 habita
1005 635 1138 661 coram
1163 621 1277 659 nobis
1299 621 1540 671 ubicumque
1569 620 1758 659 fuerimus
1777 619 1818 657 in

223 688 368 738 Anglia
388 690 461 727 sub
482 687 608 739 sigillo
630 695 759 727 vestro
780 687 866 726 sine
899 687 1097 726 dilacione
1133 685 1296 725 mittatis
1328 687 1440 736 juxta
1469 688 1817 737 adjornamentum

224 752 446 803 predictum
467 753 545 791 hoc
566 753 683 791 breve
713 751 828 791 nobis
857 751 1112 790 remittentes.
1165 752 1210 789 T.
1237 751 1432 790 Edwardo
1454 753 1568 790 Duce
1601 750 1814 798 Cornubie‚

225 817 384 857 Comite
405 816 556 856 Cestrie
576 816 657 855 filio
678 823 813 855 nostro
836 815 1037 854 carissimo
1069 817 1247 855 Custode
1276 816 1420 867 Anglie
1441 818 1548 867 apud
1572 819 1819 867 Kenyngton

225 883 287 932 xvj
312 882 376 921 die
398 881 584 921 Octobris
619 894 725 920 anno
761 880 871 932 regni
905 880 1029 919 nostri
1059 881 1311 920 duodecimo.
1371 881 1526 920 Virtute
1557 882 1669 931 cujus
1690 879 1820 919 brevis

226 946 368 985 clamia
396 946 574 996 predicta
604 958 763 985 necnon
800 946 1010 984 recordum
1049 952 1088 984 et
1126 959 1332 995 processus
1372 945 1551 996 predicta
1611 945 1821 984 mittuntur

225 1024 358 1050 coram
396 1012 508 1060 Rege
545 1011 597 1049 ad
632 1010 737 1049 diem
767 1009 989 1060 predictum
1027 1023 1107 1047 una
1144 1022 1234 1048 cum
1273 1010 1380 1049 brevi
1419 1010 1610 1060 predicto.
1673 1011 1820 1048 Postea

227 1075 412 1114 dominus
434 1077 520 1113 Rex
542 1074 744 1115 mandavit
764 1075 917 1124 prefato
940 1073 1113 1112 Ricardo
1134 1075 1184 1113 de
1218 1075 1439 1125 Wylughby
1473 1075 1678 1124 quoddam
1713 1073 1821 1112 aliud

225 1142 344 1179 breve
383 1140 560 1177 clausurn
599 1138 641 1176 in
679 1139 754 1177 hec
792 1140 921 1177 verba.
983 1139 1201 1176 Edwardus
1242 1139 1319 1177 Dei
1356 1138 1487 1189 gracia
1539 1140 1626 1177 Rex
1664 1138 1818 1188 Anglie,

227 1203 424 1242 Dominus
447 1204 641 1242 Hibernie
671 1210 709 1242 et
731 1205 823 1241 Dux
842 1201 1086 1253 Aquitannie
1107 1202 1254 1241 dilecto
1275 1211 1313 1242 et
1333 1203 1441 1242 fideli
1461 1216 1533 1242 suo
1563 1202 1739 1241 Ricardo
1770 1203 1821 1240 de

225 1270 446 1320 Wylughby
464 1271 642 1308 salutem.
683 1270 877 1308 Volentes
891 1268 1006 1307 certis
1024 1270 1074 1308 de
1090 1268 1216 1307 causis
1238 1267 1443 1307 cerciorari
1456 1281 1572 1318 super
1588 1266 1736 1306 clamiis
1751 1280 1821 1317 per

226 1335 413 1374 dilectum
437 1342 476 1373 et
496 1335 655 1373 fidelem
676 1343 855 1372 nostrum
878 1333 1098 1372 Henricum
1127 1335 1178 1372 de
1196 1335 1319 1383 Percy
1334 1347 1466 1372 coram
1498 1332 1611 1372 vobis
1643 1340 1681 1371 et
1703 1332 1819 1371 sociis

224 1399 362 1438 vestris
384 1412 509 1449 nuper
541 1398 775 1449 Justiciariis
796 1398 938 1437 nostris
960 1399 1011 1436 ad
1030 1398 1173 1448 placita
1200 1399 1342 1437 foreste
1374 1398 1415 1436 in
1445 1399 1588 1436 foresta
1614 1397 1749 1436 dilecti
1782 1405 1821 1436 et

225 1464 351 1503 fidelis
373 1463 495 1503 nostri
517 1463 685 1502 Henrici
702 1463 869 1503 Comitis
888 1463 1116 1501 Lancastrie
1133 1464 1184 1502 de
1201 1463 1397 1513 Pikeryng
1413 1463 1586 1501 tenenda
1610 1462 1817 1512 assignatis

227 1530 278 1568 de
295 1529 457 1568 diversis
475 1529 720 1567 libertatibus
736 1528 777 1566 in
792 1529 931 1567 eadem
947 1529 1091 1567 foresta
1106 1528 1300 1567 habendis
1317 1527 1521 1578 appositis,
1534 1534 1572 1566 et
1589 1527 1639 1566 de
1654 1527 1821 1565 recordo

227 1602 267 1633 et
286 1607 474 1644 processu
494 1593 588 1632 inde
608 1592 750 1631 habitis
771 1606 816 1631 ac
838 1593 962 1631 eciam
995 1591 1108 1645 [318]
1140 1594 1191 1631 de
1220 1592 1533 1631 allocacionibus
1567 1592 1662 1630 inde
1697 1591 1820 1639 factis,

227 1659 339 1698 vobis
375 1660 609 1697 mandamus
641 1659 850 1697 recordum
886 1665 924 1697 et
956 1671 1184 1708 processum
1229 1671 1346 1708 super
1376 1657 1525 1696 clamiis
1559 1656 1744 1707 predictis
1784 1664 1823 1696 et

228 1723 539 1763 allocacionibus
560 1724 654 1762 inde
674 1723 787 1762 factis
808 1736 941 1762 coram
963 1723 1075 1762 vobis
1097 1730 1135 1762 et
1165 1722 1282 1761 sociis
1302 1722 1439 1762 vestris
1472 1722 1656 1773 predictis
1687 1721 1823 1761 habita

227 1803 319 1828 cum
358 1788 542 1828 omnibus
581 1801 627 1827 ea
664 1787 916 1838 tangentibus
955 1787 1070 1826 nobis
1110 1788 1150 1826 in
1194 1787 1483 1827 Cancellariam
1531 1795 1705 1826 nostram
1748 1787 1822 1826 sub

229 1854 355 1905 sigillo
385 1861 515 1893 vestro
549 1852 732 1892 distincte
765 1861 804 1892 et
837 1860 971 1903 aperte
1004 1852 1088 1891 sine
1119 1852 1316 1891 dilacione
1351 1852 1513 1891 mittatis
1535 1860 1573 1891 et
1594 1853 1671 1891 hoc
1692 1852 1819 1891 breve.

229 1921 277 1958 T.
311 1919 507 1957 Edwardo
541 1920 655 1957 Duce
690 1917 893 1957 Cornubie
924 1925 963 1956 et
995 1916 1153 1957 Comite
1182 1917 1334 1957 Cestrie
1363 1918 1444 1956 filio
1465 1925 1600 1956 nostro
1620 1916 1823 1955 carissimo

229 1985 408 2023 Custode
429 1983 571 2033 Anglie
591 1983 699 2033 apud
720 1983 1008 2021 Berkhamsted
1029 1996 1103 2020 xxv
1129 1982 1193 2021 die
1220 1982 1391 2032 Aprilis†
1420 1996 1529 2021 anno
1559 1982 1669 2032 regni
1698 1981 1823 2020 nostri

228 2047 521 2087 terciodecimo.
581 2050 764 2086 Pretextu
794 2049 907 2096 cujus
929 2047 1057 2085 brevis
1079 2047 1222 2085 clamia
1242 2048 1419 2097 predicta
1434 2049 1602 2086 allocata
1615 2046 1824 2085 mittuntur

230 2126 364 2151 coram
385 2112 550 2152 domino
572 2114 682 2162 Rege
699 2112 739 2150 in
760 2110 1046 2152 Cancellariarn
1067 2125 1178 2150 suam
1199 2125 1279 2150 una
1298 2125 1388 2150 cum
1411 2113 1519 2151 brevi
1539 2111 1729 2162 predicto.

286 2176 342 2230 [It
370 2191 460 2228 may
480 2185 550 2216 not
571 2177 621 2216 be
650 2184 719 2215 out
740 2178 785 2215 of
808 2177 920 2227 place
941 2177 1033 2215 here
1054 2184 1095 2215 to
1116 2176 1316 2227 interpose
1337 2178 1405 2216 the
1425 2177 1658 2216 conclusion
1688 2177 1733 2215 of
1757 2176 1825 2214 the

231 2313 271 2344 at
291 2306 642 2355 Berkhampstead,
667 2319 685 2342 2
693 2316 712 2355 5
749 2305 872 2354 April,
902 2318 1014 2354 1339,
1046 2305 1098 2355 by
1130 2305 1255 2344 virtue
1286 2308 1331 2344 of
1360 2306 1486 2345 which
1507 2307 1573 2345 the
1602 2305 1719 2344 claim
1748 2318 1825 2344 was

231 2372 419 2409 removed
439 2370 523 2409 into
542 2371 610 2409 the
631 2371 754 2410 Court
775 2371 820 2408 of
836 2370 974 2420 King's
996 2371 1143 2409 Bench,

287 2436 352 2475 On
372 2436 439 2474 the
460 2436 531 2485 3rd
552 2435 790 2483 November,
818 2437 931 2484 1338,
955 2436 1094 2484 Henry
1114 2436 1164 2474 de
1185 2438 1308 2485 Percy
1328 2436 1525 2486 appeared
1557 2435 1607 2485 by
1635 2436 1743 2484 John
1773 2435 1825 2474 de

234 2499 398 2549 Kirkby‚
439 2499 499 2538 his
536 2507 726 2549 attorney,
767 2499 808 2538 in
846 2500 913 2538 the
952 2500 1077 2539 Court
1107 2501 1153 2538 of
1180 2499 1318 2550 King's
1346 2500 1494 2546 Bench,
1526 2500 1607 2537 and
1640 2500 1707 2538 the
1730 2500 1825 2538 26th

231 2565 414 2614 January,
440 2577 554 2613 1339,
576 2577 652 2602 was
685 2564 901 2614 appointed
935 2565 994 2602 for
1026 2563 1157 2614 giving
1186 2565 1407 2614 judgment,
1431 2576 1484 2602 on
1513 2563 1638 2602 which
1669 2564 1744 2612 day
1773 2564 1825 2602 he

231 2629 429 2678 appeared
448 2627 489 2666 in
510 2628 568 2667 his
589 2642 675 2667 own
696 2642 838 2679 person
859 2630 938 2667 and
957 2629 1080 2667 asked
1101 2629 1159 2667 for
1176 2629 1387 2678 judgment
1407 2628 1447 2667 in
1467 2629 1712 2667 accordance
1733 2627 1825 2667 with

231 2693 299 2731 the
319 2691 477 2731 verdict.
537 2693 648 2731 After
668 2692 892 2743 examining
912 2693 978 2732 the
999 2693 1135 2731 claims
1157 2694 1236 2732 and
1255 2694 1323 2732 the
1343 2694 1493 2740 record,
1516 2693 1596 2731 and
1629 2693 1727 2731 after
1755 2692 1826 2730 full

233 2762 439 2806 argument
476 2757 555 2795 and
589 2756 882 2795 consideration
915 2756 1005 2796 with
1038 2758 1105 2796 the
1138 2758 1386 2806 Chancellor,
1408 2759 1632 2805 Treasurer,
1655 2756 1825 2807 Justices

233 2821 312 2859 and
332 2821 463 2859 others
484 2822 529 2859 of
556 2821 622 2859 the
643 2820 783 2871 King's
805 2822 985 2870 Council‚
1006 2823 1214 2872 judgment
1246 2835 1321 2861 was
1352 2823 1574 2872 eventually
1602 2821 1718 2872 given
1739 2822 1824 2860 that

231 2885 421 2935 although
442 2884 482 2923 in
502 2885 568 2924 the
587 2885 682 2924 time
702 2887 745 2925 of
769 2887 937 2926 Edward
958 2888 1003 2935 1.‚
1025 2888 1138 2926 when
1158 2887 1224 2925 the
1245 2887 1364 2926 forest
1387 2900 1461 2926 was
1490 2886 1530 2924 in
1561 2886 1627 2925 the
1658 2885 1821 2936 King's‡

279 2977 294 2992 *
321 2976 361 3007 In
376 2977 431 3009 the
448 2977 569 3009 Coram
588 2979 679 3019 Rege
693 2978 782 3017 Roll,
804 2987 841 3019 13
859 2979 923 3010 Ed.
942 2979 1021 3018 111„
1039 2979 1110 3012 Hil.
1125 2979 1235 3018 Term,
1253 2980 1315 3011 Ro.
1330 2979 1400 3019 106,
1412 2989 1460 3011 we
1476 2978 1544 3010 find
1557 2977 1822 3009 intervenientes.

276 3025 298 3061 †
320 3027 401 3060 This
418 3039 483 3060 was
499 3029 580 3061 aster
592 3029 767 3071 judgment
783 3031 848 3062 had
866 3031 948 3063 been
964 3030 1071 3073 given.
1121 3031 1177 3062 See
1187 3036 1269 3072 post.
1427 3032 1447 3069 ἶ
1471 3031 1526 3062 See
1542 3034 1629 3068 note,
1649 3040 1680 3071 p.
1705 3028 1776 3069 169.
