2044 3491
697 215 867 247 CORAM
901 215 1033 249 REGE
1066 216 1233 249 ROLLS.
1687 220 1773 264 217

179 312 307 352 dictus
327 312 543 352 Willelmus
571 314 709 351 Basset
728 325 863 350 coram
884 325 964 362 quo
985 320 1048 351 etc
1067 312 1155 351 tulit
1181 312 1246 351 hic
1275 314 1484 352 recordum
1511 314 1700 354 veredicti
1731 315 1772 354 in

177 379 253 416 hec
290 378 417 416 verba.
495 380 638 416 Postea
676 376 741 415 die
779 384 818 415 et
856 378 946 415 loco
985 377 1171 426 predictis
1210 391 1344 416 coram
1378 380 1529 428 prefato
1569 379 1771 418 Willelmo

178 443 316 481 Basset
337 441 531 481 associato
566 441 639 480 sibi
670 442 855 490 Johanne
889 442 940 480 de
975 442 1125 490 Upsale
1156 443 1264 491 juxta
1284 443 1448 480 formam
1481 443 1628 490 statuti,
1659 444 1767 483 venit

177 506 377 556 predictus
398 506 509 545 Prior
528 520 597 555 per
630 513 870 544 attornatum
904 519 1017 544 suum
1053 513 1091 544 et
1125 506 1300 545 similiter
1329 507 1448 556 jurati
1477 509 1528 546 ad
1557 509 1635 546 hoc
1670 522 1773 546 sum-

178 570 329 617 moniti,
362 571 429 620 qui
460 571 623 620 quidem
652 570 771 619 jurati
805 569 906 608 triati
941 577 979 608 et
1008 570 1126 618 jurati
1157 570 1294 609 dicunt
1328 585 1445 621 super
1475 581 1766 611 sacramentum

178 648 294 673 suum
314 636 424 684 quod
444 635 663 673 manerium
685 636 735 673 de
756 636 942 673 Alvestan
965 635 1074 684 quod
1108 643 1271 673 vocatur
1302 635 1520 674 manerium
1555 637 1773 686 Templari-

179 712 291 737 orum
320 699 392 737 fuit
413 699 452 737 in
474 699 617 737 seisina
637 698 822 737 Willelmi
857 700 907 737 de
941 700 977 737 la
1011 701 1125 737 More
1160 701 1364 748 quondam
1401 700 1580 750 Magistri
1615 703 1659 738 M
1669 701 1773 740 ilicie

179 764 337 813 Templi
352 763 392 802 in
407 763 549 813 Anglia
564 771 603 802 et
618 763 724 802 idem
738 764 956 802 Willelmus
970 772 1007 802 et
1021 764 1319 813 predecessores
1336 764 1406 812 sui,
1428 765 1607 814 Magistri
1623 765 1773 804 Milicie

180 828 339 878 Templi
360 828 538 878 predicti,
560 841 582 866 a
603 835 780 878 tempore
801 842 881 878 quo
903 828 1092 866 memoria
1113 841 1193 866 non
1215 828 1344 867 existit
1377 830 1535 868 fuerunt
1568 829 1688 868 seisiti
1723 831 1774 869 de

179 892 355 931 manerio
377 892 555 942 predicto
575 900 618 930 ut
639 893 688 930 de
707 894 792 941 jure
813 892 969 942 Templi
989 892 1048 930 sui
1069 893 1246 942 predicti,
1262 901 1301 932 et
1322 893 1460 932 dicunt
1480 895 1589 944 quod
1610 908 1692 933 non
1714 902 1773 933 est

179 957 310 1007 aliqua
331 959 434 995 fraus
453 970 528 995 nec
548 956 698 995 colusio
719 957 820 995 inter
839 965 968 1007 partes
989 958 1196 1006 predictas.
1257 959 1357 996 Ideo
1389 958 1685 997 consideratum
1715 966 1775 997 est

180 1024 290 1072 quod
309 1022 475 1072 predicti
497 1021 605 1060 Prior
626 1029 664 1060 et
685 1024 838 1060 Fratres
860 1029 921 1060 etc
941 1023 1114 1060 habeant
1135 1021 1228 1061 inde
1248 1022 1532 1061 execucionem
1553 1030 1626 1061 ete.

355 1135 501 1174 Coram
522 1136 633 1184 Rege
654 1136 729 1173 No.
754 1134 869 1185 (354)
895 1135 1018 1174 Mich.
1043 1149 1089 1172 22
1114 1135 1188 1173 Ed.
1213 1136 1292 1173 III.
1316 1134 1469 1187 (Fines)
1491 1149 1541 1175 m.
1566 1147 1599 1186 5.

238 1212 301 1249 De
321 1212 496 1260 Hugone
513 1212 563 1249 de
578 1210 734 1249 Neville
750 1224 876 1260 nuper
888 1211 1033 1250 ballivo
1049 1211 1237 1249 libertatis
1252 1212 1302 1249 de
1321 1212 1524 1263 Pykeryng
1538 1214 1775 1252 vacabundo

182 1276 232 1314 de
253 1276 330 1313 fine
351 1289 421 1325 pro
441 1276 632 1325 capcione
649 1283 687 1313 et
706 1283 967 1314 arestamento
989 1276 1154 1315 Roberti
1175 1278 1210 1314 le
1239 1279 1376 1326 Lyster
1407 1286 1445 1316 et
1477 1292 1547 1328 pro
1582 1278 1775 1328 capcione

181 1339 318 1389 viginti
340 1339 555 1378 solidorum
577 1354 600 1378 a
620 1341 771 1390 prefato
793 1342 972 1380 Roberto
1006 1342 1138 1379 colore
1166 1341 1284 1379 officii
1318 1341 1377 1379 sui
1409 1355 1479 1391 per
1510 1343 1775 1382 extorsionem

181 1405 289 1443 unde
309 1404 522 1443 indictatus
543 1413 602 1443 est
622 1413 660 1443 et
682 1418 750 1454 per
783 1405 1059 1455 cognicionem
1093 1419 1204 1444 suam
1238 1407 1444 1446 convictus
1461 1422 1472 1456 3
1501 1421 1570 1458 per
1598 1407 1774 1458 plegium

182 1469 368 1507 Willelmi
389 1471 546 1520 Courcy
567 1477 605 1509 et
626 1469 810 1509 Willelmi
831 1471 881 1509 de
904 1471 1107 1520 Holthorp
1136 1501 1144 1509 .
1178 1502 1186 1510 .
1219 1501 1227 1510 .
1260 1502 1268 1510 .
1299 1478 1372 1509 xxS.

802 1590 843 1630 id
863 1604 912 1630 m.
938 1594 960 1629 6
983 1590 1147 1642 (Fines).

238 1668 301 1705 De
321 1668 480 1705 Thoma
499 1667 699 1706 Thurnefe
730 1666 874 1706 ballivo
905 1667 1092 1706 libertatis
1124 1668 1175 1706 de
1206 1667 1400 1719 Pikeryng
1430 1668 1523 1719 quia
1555 1683 1636 1708 non
1670 1669 1778 1710 venit

184 1743 315 1769 coram
337 1733 448 1781 Rege
468 1733 518 1770 ad
539 1734 732 1782 prefatum
753 1732 859 1770 diem
883 1730 964 1783 [die
986 1734 1099 1771 Lune
1133 1732 1174 1770 in
1207 1732 1370 1771 Octabis
1401 1734 1537 1773 Sancti
1568 1734 1777 1774 Michaelis

184 1794 260 1833 isto
281 1797 421 1834 eodem
445 1794 629 1848 termino]
659 1826 666 1834 .
701 1826 710 1834 .
742 1826 750 1835 .
784 1827 791 1835 .
824 1803 872 1835 νδ,

240 1862 303 1899 De
323 1862 466 1899 eodem
486 1862 642 1899 Thoma
662 1860 755 1910 quia
774 1873 857 1898 non
886 1859 1100 1899 retornavit
1134 1863 1335 1912 panellum
1368 1863 1419 1901 ad
1447 1864 1641 1912 prefatum
1671 1863 1777 1903 diem

186 2055 226 2093 in
243 2056 310 2094 the
326 2055 522 2105 following
534 2062 654 2093 terms
667 2057 757 2092 :—“
770 2056 1008 2094 Afterwards
1024 2057 1158 2094 before
1172 2056 1340 2094 William
1355 2059 1494 2096 Basset
1509 2059 1589 2096 and
1602 2059 1709 2107 John
1726 2059 1778 2097 de

187 2121 339 2169 Upsall,
362 2120 673 2159 Commissioner
693 2121 738 2157 of
762 2119 910 2167 Assize,
934 2121 999 2158 the
1019 2121 1114 2169 Jury
1135 2121 1219 2158 find
1240 2122 1323 2159 that
1343 2122 1409 2159 the
1432 2123 1577 2159 Manor
1592 2123 1637 2160 of
1653 2123 1777 2160 Aller-

187 2192 286 2231 ston,
309 2186 436 2223 called
456 2185 522 2222 the
542 2185 758 2233 Templar’s
780 2186 934 2232 Manor,
957 2185 1139 2233 formerly
1159 2198 1236 2223 was
1257 2185 1297 2223 in
1318 2186 1385 2224 the
1406 2185 1524 2224 seisin
1545 2188 1590 2224 of
1605 2187 1776 2224 William

187 2250 238 2288 de
266 2250 303 2287 la
324 2251 450 2296 More,
474 2250 624 2287 Master
639 2250 684 2286 of
707 2249 774 2287 t'he
794 2250 1013 2299 Templars,
1036 2251 1116 2288 and
1137 2251 1220 2288 that
1244 2251 1295 2288 he
1314 2251 1394 2289 and
1415 2250 1474 2289 his
1496 2252 1774 2300 predecessors

187 2326 286 2352 were
306 2315 404 2352 from
421 2313 514 2352 time
534 2312 792 2351 immemorial
808 2313 936 2352 seised
957 2315 1001 2352 of
1013 2314 1079 2353 the
1101 2316 1245 2353 Manor
1264 2314 1305 2352 in
1325 2315 1426 2365 right
1447 2317 1492 2353 of
1504 2317 1571 2355 the
1593 2317 1771 2367 Temple.

187 2379 301 2427 They
330 2391 395 2428 say
416 2379 500 2416 that
533 2379 642 2416 there
676 2390 751 2415 was
783 2391 835 2416 no
867 2379 978 2416 fraud
1013 2392 1057 2416 or
1087 2379 1281 2418 collusion
1302 2380 1478 2419 between
1498 2381 1566 2420 the
1594 2381 1776 2431 parties.'’

189 2444 405 2493 Judgment
425 2443 456 2482 is
477 2443 591 2493 given
610 2441 651 2479 in
671 2443 806 2481 favour
826 2444 871 2481 of
895 2443 962 2481 the
983 2442 1102 2482 Prior.

774 2563 1047 2612 Michaelmas‚
1074 2566 1187 2614 1348.

245 2644 361 2681 From
399 2641 520 2691 Hugh
553 2642 605 2680 de
639 2639 781 2688 Nevill,
816 2641 894 2678 late
927 2639 1054 2678 bailiff
1077 2641 1123 2679 of
1147 2638 1367 2689 Pickering,
1403 2640 1510 2678 fined
1541 2641 1601 2679 for
1637 2640 1781 2690 having

192 2707 364 2745 arrested
384 2707 536 2744 Robert
551 2705 617 2744 the
632 2707 749 2755 Dyer,
767 2705 846 2742 and
859 2705 978 2743 taken
994 2712 1058 2742 20⁵
1070 2706 1171 2743 from
1187 2704 1269 2742 him
1285 2705 1334 2754 by
1352 2705 1558 2752 extortion,
1577 2706 1636 2743 for
1651 2705 1779 2743 which

192 2772 345 2809 offence
363 2771 414 2808 he
433 2783 510 2807 was
530 2769 707 2808 indicted
727 2770 806 2807 and
826 2770 950 2807 found
969 2769 1091 2818 guilty
1120 2782 1174 2807 on
1202 2768 1264 2807 his
1285 2781 1373 2807 own
1393 2769 1629 2808 confession.
1687 2767 1738 2818 ᾖ
1743 2782 1774 2808 1.

192 2835 375 2882 Sureties,
395 2834 562 2872 William
583 2835 739 2884 Courcy
759 2834 839 2872 and
859 2833 1029 2872 William
1052 2835 1103 2873 de
1124 2834 1340 2883 Holthorp.

248 2901 367 2939 From
387 2899 562 2937 Thomas
582 2900 770 2947 Thurnef,
792 2898 918 2937 bailiff
941 2900 985 2937 of
1011 2897 1227 2948 Pickering,
1250 2899 1310 2936 for
1329 2904 1399 2936 not
1419 2896 1632 2947 appearing
1651 2896 1692 2935 in
1712 2897 1780 2936 the

194 2963 333 3014 King's
354 2964 491 3002 Bench
511 2977 564 3003 on
585 2964 776 3015 Monday,
799 2965 821 3002 6
853 2963 1038 3011 October,
1076 2965 1189 3013 1348,
1214 2970 1252 3012 5⁵
1264 2976 1276 3011 3
1305 2963 1384 3001 and
1414 2963 1473 3001 for
1493 2968 1562 3001 not
1581 2961 1780 3012 returning

193 3031 262 3069 the
283 3029 425 3079 panell‚
452 3035 526 3067 10⁵.
