2044 3491
739 245 973 278 COUCHER
1006 246 1150 278 BOOK.
1665 248 1742 290 179

150 342 368 381 venacione
387 343 438 381 ad
459 342 625 381 domum
657 341 820 379 Matillis
840 342 876 380 la
898 341 1053 380 Beriere
1073 341 1113 380 in
1135 342 1419 392 Scardeburgh,
1442 343 1509 393 qui
1538 344 1737 393 predictus

150 406 349 446 Henricus
369 420 450 445 non
470 414 528 445 est
548 406 727 445 inventus
748 419 821 444 nec
852 407 971 444 habet
1000 413 1141 445 terram
1163 414 1247 454 etc„
1271 420 1346 445 nec
1376 407 1514 457 aliquis
1536 416 1622 455 etc.,
1645 408 1736 447 ideo

149 473 334 521 exigatur.
393 473 445 510 Et
464 471 638 521 predicta
660 470 822 509 Matillis
841 471 948 509 venit
970 479 1006 509 et
1027 470 1122 509 dicit
1143 472 1252 521 quod
1287 472 1463 521 predicta
1492 474 1736 521 presentacio

149 536 184 575 ei
205 549 286 575 non
307 538 426 575 debet
445 550 600 584 nocere,
623 549 693 586 pro
710 549 757 575 eo
779 537 888 586 quod
909 536 1094 575 dominus
1129 538 1217 574 Rex
1249 536 1445 575 concessit
1479 539 1736 587 burgensibus

148 599 227 638 suis
248 601 298 639 de
319 601 589 650 Scardeburgh
610 608 647 639 et
667 601 880 639 heredibus
909 613 1046 639 eorum
1066 601 1170 638 hanc
1190 601 1420 649 libertatem,
1444 603 1553 651 quod
1588 603 1619 640 si
1649 603 1736 652 quis

147 665 401 715 burgensium
467 666 529 704 vel
589 665 794 703 hominum
855 665 1015 704 manerii
1074 667 1124 704 de
1182 667 1460 715 lValdesgrave
1520 675 1736 706 arrentatus

148 727 182 781 [?
200 728 378 782 rettatus]
408 737 473 768 aut
493 730 726 768 attachiatus
746 729 859 769 fuerit
893 731 943 769 de
975 731 1192 769 venacione
1226 732 1287 769 vel
1321 730 1396 769 alia
1430 731 1737 781 transgressione

147 795 300 841 foreste,
323 794 438 833 liceat
459 794 514 834 eis
535 808 576 833 se
596 796 808 834 defendere
829 796 879 833 de
900 795 1273 845 transgressionibus
1307 796 1494 845 predictis
1525 810 1594 846 per
1614 810 1738 835 sacra-

147 866 326 897 mentum
347 858 503 909 triginta
523 867 561 898 et
582 872 648 898 sex
668 859 873 898 hominum
908 873 1038 897 coram
1073 860 1392 910 quibuscumque
1426 861 1656 910 Justiciariis
1686 863 1738 900 de

147 924 302 969 foresta,
324 923 398 961 nisi
419 923 601 961 inventus
622 923 735 961 fuerit
756 936 823 973 per
843 924 1065 963 forestarios
1085 932 1152 962 aut
1174 924 1377 963 viridarios
1413 926 1464 964 de
1501 927 1619 964 feodo
1652 925 1734 979 [sic]

148 1000 239 1025 cum
260 1001 511 1037 manuopere,
535 995 573 1026 et
589 988 802 1038 burgenses
822 990 1023 1038 proferunt
1043 996 1190 1028 cartam
1212 989 1332 1040 Regis
1356 990 1521 1029 Henrici
1553 1004 1630 1040 que
1661 993 1738 1030 hoc

149 1059 320 1090 testatur.
381 1054 431 1091 Et
448 1052 539 1102 quia
554 1052 729 1102 predicta
743 1053 906 1091 Matillis
922 1067 1003 1092 non
1017 1053 1089 1092 fuit
1102 1053 1262 1093 inventa
1278 1068 1365 1093 cum
1384 1068 1623 1105 manuopere
1640 1056 1739 1095 sicut

150 1117 372 1166 predictum
395 1125 463 1164 est,
486 1117 578 1156 ideo
599 1130 833 1156 concessum
855 1126 912 1157 est
933 1119 968 1157 ei
989 1120 1097 1168 quod
1118 1132 1160 1157 se
1181 1119 1380 1169 acquietet
1401 1121 1523 1158 modo
1544 1120 1736 1170 predicto,

150 1188 189 1220 et
219 1189 358 1231 postea
387 1182 494 1220 venit
515 1190 552 1221 et
574 1181 664 1220 fecit
699 1183 819 1221 finem
850 1196 920 1232 pro
956 1192 1201 1223 sacramento
1231 1185 1444 1223 relaxando
1474 1198 1543 1234 pro
1573 1185 1740 1225 dimidia

153 1260 285 1285 marca
305 1260 374 1296 per
393 1246 565 1297 plegium
587 1248 745 1286 Thome
766 1248 816 1285 de
836 1249 1100 1287 VVandesford
1121 1256 1160 1287 et
1190 1249 1356 1287 Roberti
1378 1251 1628 1288 Beaufrount.

203 1313 478 1349 Presentatum
510 1341 678 1350 .....
712 1312 821 1361 quod
856 1312 921 1350 die
958 1312 1069 1362 Jovis
1100 1313 1279 1363 proximo
1300 1321 1391 1352 ante
1412 1315 1554 1353 Natale
1577 1315 1742 1353 Domini

148 1377 304 1415 fuerunt
325 1383 493 1426 quatuor
512 1375 694 1414 homines
715 1377 887 1415 extranei
907 1377 947 1415 in
978 1378 1100 1416 bosco
1128 1379 1178 1416 de
1211 1380 1320 1416 Aton
1341 1385 1380 1416 et
1399 1386 1588 1428 ceperunt
1617 1393 1740 1418 unum

148 1455 306 1480 cervum
329 1449 366 1480 et
387 1441 563 1481 exierunt
583 1455 699 1480 mane
720 1442 770 1480 de
801 1443 923 1480 domo
945 1442 1124 1492 Gregorii
1157 1443 1207 1480 de
1240 1444 1421 1481 Suthfeld
1451 1443 1615 1493 mortui3
1647 1444 1739 1483 ideo

148 1507 200 1545 de
220 1520 268 1545 eo
289 1506 410 1544 nichil
430 1513 469 1544 et
489 1507 539 1545 de
560 1514 728 1556 quatuor
748 1506 891 1556 ignotis
913 1507 1034 1545 nichil
1055 1514 1187 1556 potest
1209 1507 1291 1546 fieri
1311 1514 1384 1546 etc.

204 1573 476 1610 Presentatum
506 1601 675 1610 .....
709 1572 818 1622 quod
868 1573 1030 1621 Reynus
1080 1573 1216 1622 Lagan
1277 1579 1465 1619 mortuus,
1521 1573 1740 1612 Willelmus

150 1637 321 1674 Larcher
349 1637 400 1674 de
431 1636 578 1674 Uskelf
602 1642 641 1673 et
671 1635 807 1673 Simon
837 1637 887 1674 de
918 1638 1131 1675 Heselslak
1151 1645 1341 1687 ceperunt
1362 1651 1484 1675 unum
1513 1651 1671 1676 cervum
1701 1639 1742 1677 in

151 1700 256 1738 Haia
277 1700 451 1750 predicta
472 1700 535 1739 die
571 1701 755 1739 Mercurii
789 1701 967 1751 proximo
1000 1710 1091 1741 ante
1126 1704 1268 1741 festum
1299 1703 1431 1742 Sancti
1466 1703 1659 1752 Johannis
1690 1705 1741 1742 de

149 1766 364 1803 Beverlaco
392 1778 498 1803 anno
529 1765 765 1814 supradicto,
789 1765 856 1815 qui
877 1766 1077 1815 predictus
1112 1766 1249 1805 Simon
1279 1774 1337 1806 est
1371 1767 1464 1806 alibi
1498 1767 1673 1818 exigatus
1703 1775 1742 1807 et

148 1829 366 1867 Willelmus
386 1830 423 1867 le
445 1830 592 1868 Archer
612 1837 670 1868 est
691 1830 782 1868 alibi
804 1830 842 1868 in
865 1831 1175 1880 presentacione.

148 1942 228 1979 and
261 1941 291 1978 is
321 1943 516 1981 therefore
537 1944 741 1990 outlawed,
765 1944 910 1981 loaded
931 1943 959 1981 it
980 1957 1033 1982 on
1053 1957 1076 1982 a
1096 1945 1211 1982 horse
1230 1945 1310 1982 and
1331 1945 1396 1982 led
1417 1944 1445 1982 it
1465 1952 1506 1983 to
1528 1946 1593 1984 the
1615 1947 1741 1985 house

148 2007 193 2044 of
211 2007 378 2045 Matilda
398 2009 434 2045 la
455 2008 611 2046 Beriere
631 2008 672 2046 in
693 2009 977 2058 Scarborough.
1039 2008 1209 2047 Matilda
1228 2022 1393 2058 appears
1414 2011 1493 2048 and
1515 2012 1651 2060 pleads
1672 2012 1739 2050 the

147 2071 261 2109 claim
291 2073 336 2109 of
360 2073 427 2111 the
447 2074 652 2122 burgesses
674 2074 718 2110 of
749 2074 1033 2123 Scarborough.
1093 2076 1149 2111 As
1170 2073 1198 2111 it
1219 2087 1295 2111 was
1316 2081 1387 2112 not
1418 2076 1542 2113 found
1564 2077 1646 2114 that
1668 2077 1739 2115 she

145 2136 225 2173 had
254 2136 355 2175 been
386 2138 528 2186 caught
561 2137 601 2174 in
621 2138 688 2175 the
719 2144 782 2175 act
803 2138 872 2175 she
893 2151 968 2175 was
990 2137 1201 2187 permitted
1221 2146 1262 2176 to
1283 2138 1416 2188 aequit
1433 2140 1579 2177 herself
1608 2140 1647 2177 in
1670 2141 1737 2187 the

147 2202 402 2239 accustomed
431 2214 607 2239 manner.
666 2203 904 2240 Afterwards
924 2203 992 2239 the
1012 2201 1228 2250 obligation
1250 2203 1295 2240 of
1321 2203 1485 2253 offering
1505 2205 1572 2242 the
1592 2206 1685 2243 oath
1706 2205 1737 2243 is

146 2264 329 2303 rernitted
359 2265 397 2302 in
427 2265 719 2304 consideration
757 2267 800 2304 of
833 2280 856 2304 a
888 2267 967 2305 fine
999 2267 1040 2304 of
1080 2269 1118 2304 6S
1153 2265 1206 2305 80¹.
1267 2267 1449 2316 Sureties,
1471 2270 1647 2308 Thomas
1686 2271 1738 2309 de

147 2330 410 2368 Wandessord
438 2331 518 2368 and
539 2331 691 2369 Robert
713 2332 941 2369 Beaufront.

201 2395 307 2432 Four
327 2401 519 2444 strangers
553 2408 652 2434 were
683 2397 892 2445 presented
914 2397 972 2433 for
1000 2395 1145 2445 having
1174 2409 1226 2434 on
1261 2397 1328 2435 the
1358 2398 1570 2448 Thursday
1600 2399 1735 2438 before

147 2457 364 2497 Christmas
398 2460 515 2497 taken
544 2473 567 2497 a
601 2467 685 2509 stag
718 2459 757 2497 in
790 2462 924 2509 Ayton
960 2461 1098 2498 Wood.
1158 2462 1272 2510 They
1304 2462 1383 2501 had
1416 2464 1563 2501 started
1593 2463 1633 2501 in
1667 2465 1735 2503 the

145 2522 328 2573 morning
347 2525 446 2561 from
468 2524 534 2562 the
555 2525 679 2562 house
700 2524 745 2561 of
769 2525 942 2573 Gregory
963 2524 1013 2562 de
1043 2525 1217 2563 Suffield.
1276 2527 1343 2564 He
1373 2526 1404 2564 is
1425 2527 1528 2565 dead
1557 2529 1636 2566 and
1666 2529 1734 2567 the

146 2594 337 2637 strangers
358 2601 423 2627 are
444 2589 653 2635 unknown,
677 2601 720 2625 so
741 2588 908 2637 nothing
927 2601 1001 2626 can
1021 2589 1072 2626 be
1092 2589 1209 2628 done.

199 2653 361 2701 Reynus
383 2654 519 2702 Logan
541 2652 781 2703 (deceased),
799 2653 968 2690 William
983 2654 1049 2691 the
1070 2654 1220 2692 Archer
1236 2655 1281 2692 of
1296 2654 1478 2702 Uskelfi*
1497 2657 1576 2694 and
1594 2656 1731 2695 Simon

145 2715 196 2753 de
218 2716 454 2753 Hazelslack
476 2729 575 2754 were
595 2717 804 2765 presented
827 2718 884 2754 for
905 2716 1046 2766 having
1068 2730 1119 2755 on
1141 2718 1208 2756 the
1228 2719 1478 2768 Wednesday
1501 2720 1634 2759 before
1664 2722 1731 2759 the

144 2781 243 2818 feast
263 2781 308 2817 of
323 2782 376 2818 St.
399 2781 505 2829 John
526 2782 571 2818 of
600 2782 788 2830 Beverley
808 2781 925 2819 taken
946 2794 970 2819 a
1002 2782 1088 2820 hart
1108 2781 1148 2819 in
1168 2784 1310 2833 Scalby
1339 2785 1441 2833 Hay.
1500 2785 1668 2823 William
1698 2785 1730 2823 is

143 2846 356 2894 presented
377 2847 435 2882 for
455 2846 621 2883 another
641 2847 794 2884 offence
813 2846 893 2883 and
914 2845 1051 2883 Simon
1071 2845 1103 2884 is
1122 2854 1194 2895 put
1214 2846 1254 2884 in
1275 2846 1440 2897 exigent.

187 2917 207 2936 *
230 2918 318 2959 Very
334 2918 418 2950 little
444 2918 585 2950 reliance
603 2929 664 2950 can
689 2919 731 2950 be
747 2919 864 2960 placed
880 2930 923 2950 on
945 2919 1001 2951 the
1024 2919 1249 2960 orthography
1275 2920 1313 2951 of
1334 2920 1425 2951 these
1451 2930 1573 2953 names.
1623 2921 1733 2954 There

143 2980 228 3001 were
244 2975 310 3001 two
327 2970 466 3002 chauces
482 2970 519 3001 of
540 2981 637 3008 error,
659 2970 738 3009 first,
758 2971 854 3001 when
878 2970 1216 3012 fourteenth-century
1232 2971 1353 3002 scribes
1369 2972 1487 3012 copied
1515 2972 1569 3003 the
1594 2973 1732 3013 original

141 3021 473 3063 thirteenth-century
496 3021 586 3060 rolls,
605 3026 683 3053 next
712 3022 807 3053 when
832 3022 1133 3063 fifteenth-century
1160 3023 1282 3054 scribes
1307 3023 1424 3063 copied
1450 3024 1505 3054 the
1532 3023 1732 3056 sourteenth-

144 3076 278 3113 century
293 3083 387 3114 copy.

1490 3141 1569 3166 N2
