2044 3491
304 226 360 267 42
672 228 846 261 DUCHY
877 228 938 260 OF
970 228 1261 260 LANCASTER
1294 228 1527 261 RECORDS.

306 324 597 364 forestariorum
620 325 701 365 sive
721 334 900 366 waranto.
945 327 1045 366 Ideo
1065 326 1149 378 ipse
1169 327 1208 365 in
1230 326 1509 374 misericordia,
1531 327 1638 365 unde
1659 325 1895 375 Radulphus

306 389 358 428 de
397 391 579 440 Hastyng
615 397 755 429 tenens
793 398 982 430 terrarum
1021 399 1059 431 et
1097 399 1413 431 tenementorum
1452 404 1530 442 que
1569 392 1726 430 fuerunt
1773 389 1895 440 ipsius

308 453 492 493 Nicholai
512 456 776 505 respondebit.

361 521 466 558 Item
503 527 731 570 presentant
768 521 877 571 quod
917 522 989 560 Ivo
1021 521 1123 559 filius
1158 521 1369 560 Petronille
1408 521 1476 572 qui
1508 520 1605 559 obiit
1637 519 1742 570 cepit
1775 532 1896 557 unam

305 583 470 622 viridem
509 597 699 634 quercum
738 593 845 624 extra
875 585 1119 624 dominicum
1153 587 1304 635 absque
1336 585 1575 624 liberacione
1605 582 1895 623 forestariorum

305 647 387 686 sive
421 656 601 687 waranto.
662 650 761 688 Ideo
794 649 878 699 ipse
909 650 950 688 in
984 649 1263 697 misericordia,
1293 651 1402 689 unde
1434 650 1554 688 iidem
1585 649 1812 688 Alexander
1845 649 1896 687 de

306 714 436 764 Bergh
457 721 495 752 et
514 713 732 753 Willelmus
753 715 803 754 de
825 716 1009 765 Latymer
1027 715 1198 754 viridarii
1217 716 1525 765 respondebunt.

361 779 465 817 Item
496 785 724 828 presentant
758 781 866 828 quod
897 781 1200 818 Bartholomeus
1239 779 1517 830 Carpentarius
1551 778 1618 829 qui
1657 778 1754 817 obiit
1792 776 1897 828 cepit

306 855 426 881 unam
445 843 611 882 viridem
646 857 835 894 quercum
869 845 909 883 in
942 844 1118 884 Crosclif
1141 851 1248 883 extra
1282 844 1527 883 dominicum
1557 843 1678 893 precii
1706 842 1765 892 ijd‚
1789 843 1896 881 unde

306 907 428 947 iidem
456 915 636 947 tenentes
668 910 884 948 eorundem
905 909 1177 948 viridariorum
1211 909 1507 959 respondebunt
1541 909 1592 947 de
1621 907 1754 958 precio
1784 906 1898 946 viridi

308 972 475 1023 predicti
494 980 533 1011 et
552 985 624 1022 pro
644 972 889 1011 forisfactura
910 975 1089 1023 ejusdem
1110 974 1163 1023 ijs.

364 1039 466 1076 Item
487 1044 714 1087 presentant
735 1039 843 1087 quod
864 1051 1031 1088 persona
1047 1040 1097 1078 de
1118 1041 1339 1088 Brumpton
1359 1036 1427 1088 qui
1447 1036 1544 1076 obiit
1571 1036 1778 1087 prostravit
1798 1037 1897 1075 duas

306 1101 449 1141 virides
470 1114 636 1152 quercus
657 1109 763 1141 extra
783 1103 1027 1141 dominicum
1048 1105 1198 1153 absque
1227 1103 1466 1142 liberacione
1499 1102 1790 1141 forestariorum
1813 1102 1895 1140 sive

306 1174 489 1206 waranto.
551 1168 650 1206 Ideo
679 1166 764 1217 ipse
796 1166 836 1205 in
870 1167 1151 1216 misericordia,
1182 1169 1290 1207 unde
1319 1167 1439 1206 iidem
1468 1175 1646 1206 tenentes
1680 1167 1897 1206 eorundem

308 1231 578 1270 viridariorum
600 1233 909 1281 respondebunt.

364 1298 467 1335 Item
487 1303 715 1346 presentant
735 1298 843 1346 quod
864 1299 1076 1347 Preceptor
1096 1299 1146 1337 de
1168 1298 1417 1349 Foukebrigg
1445 1296 1652 1348 prostravit
1681 1303 1719 1335 et
1739 1295 1899 1335 cariavit

309 1360 363 1411 iiij
384 1360 526 1400 virides
555 1374 722 1411 quercus
751 1361 792 1399 in
822 1375 957 1400 mense
987 1363 1162 1401 defenso.
1223 1364 1324 1402 Ideo
1358 1363 1441 1412 ipse
1476 1362 1517 1400 in
1546 1361 1824 1407 misericordia,
1847 1361 1899 1399 de

310 1427 422 1475 cujus
470 1425 739 1465 misericordia
784 1426 894 1465 Prior
933 1426 1154 1477 Hospitalis
1194 1427 1326 1466 Sancti
1363 1427 1558 1478 Johannis
1596 1426 1814 1477 Jerusalem
1857 1424 1899 1463 in

309 1491 452 1541 Anglia
470 1491 737 1541 respondebit.

365 1557 468 1594 Item
487 1562 715 1605 presentant
734 1556 844 1605 quod
865 1557 1004 1595 Petrus
1023 1557 1074 1595 de
1095 1555 1226 1595 Nevill
1247 1555 1314 1606 qui
1335 1555 1432 1595 obiit
1452 1555 1555 1606 cepit
1585 1569 1653 1606 per
1673 1556 1770 1594 duas
1791 1554 1898 1593 vices

309 1621 414 1659 circa
433 1627 524 1659 octo
545 1633 712 1670 quercus
728 1627 933 1659 noctanter
952 1620 993 1658 in
1013 1621 1135 1660 bosco
1156 1621 1206 1660 de
1227 1623 1335 1660 Aton
1356 1628 1462 1660 extra
1483 1620 1726 1659 dominicum
1749 1621 1899 1669 absque

309 1685 549 1724 liberacione
586 1685 876 1723 forestariorum
916 1684 997 1724 sive
1038 1693 1219 1724 waranto.
1281 1686 1381 1724 Ideo
1419 1686 1504 1735 ipse
1541 1685 1582 1723 in
1617 1684 1896 1731 misericordia,

309 1751 416 1789 unde
436 1749 556 1789 iidem
577 1757 756 1788 tenentes
776 1751 995 1789 eorundem
1015 1750 1289 1789 viridariorum
1310 1751 1616 1800 respondebunt.

311 1945 473 1984 without
493 1946 560 1984 the
582 1946 780 1993 demesne,
804 1945 967 1984 without
987 1945 1107 1995 livery
1128 1946 1173 1984 of
1200 1945 1267 1984 the
1298 1946 1479 1984 foresters
1511 1958 1555 1983 or
1586 1953 1758 1983 warrant.
1820 1944 1897 1984 His

312 2023 525 2057 successor,
549 2011 681 2060 Ralph
703 2011 753 2049 de
776 2010 978 2059 Hastings,
1002 2010 1033 2048 is
1054 2009 1310 2059 responsible.

366 2077 452 2123 Ivo,
491 2088 564 2113 son
612 2075 874 2122 of'Parnell,
915 2076 1122 2123 deceased,
1156 2076 1253 2114 took
1290 2088 1314 2112 a
1346 2087 1464 2124 green
1509 2075 1585 2113 oak
1624 2073 1787 2113 without
1831 2075 1899 2114 the

311 2140 512 2186 demesne,
535 2138 698 2178 without
717 2138 836 2189 livery
857 2140 901 2178 of
930 2140 997 2178 the
1027 2141 1208 2178 foresters
1239 2152 1283 2178 or
1316 2146 1488 2177 warrant.
1566 2140 1654 2178 The
1689 2140 1897 2187 verderers,

309 2205 534 2243 Alexander
553 2204 604 2242 de
625 2204 754 2254 Bergh
773 2204 852 2242 and
871 2203 1042 2241 William
1063 2204 1113 2242 de
1135 2203 1316 2251 Latimer,
1339 2216 1403 2242 are
1424 2203 1679 2253 responsible.

365 2269 653 2307 Bartholomew
668 2269 735 2306 the
756 2275 969 2318 carpenter,
994 2269 1200 2315 deceased,
1223 2269 1320 2307 took
1339 2281 1363 2306 a
1381 2281 1499 2318 green
1520 2269 1597 2307 oak
1617 2269 1657 2307 in
1675 2268 1900 2308 Crosscliffe

309 2332 474 2371 without
494 2333 561 2371 the
581 2333 781 2379 demesne,
803 2333 916 2371 value
940 2331 1006 2381 2d3
1035 2334 1114 2371 fine
1137 2339 1183 2371 2⁵.
1243 2333 1330 2371 The
1363 2345 1472 2372 same
1507 2346 1729 2372 successors
1763 2334 1809 2372 of
1831 2334 1899 2372 the

310 2399 512 2437 verderers
533 2411 598 2436 are
618 2397 874 2448 responsible.

365 2463 453 2501 The
473 2464 623 2501 Rector
642 2463 687 2501 of
703 2464 935 2512 Brompton‚
958 2462 1165 2509 deceased,
1195 2463 1313 2501 felled
1342 2469 1417 2501 two
1452 2475 1571 2512 green
1605 2463 1701 2501 oaks
1734 2461 1898 2500 without

309 2527 377 2565 the
397 2527 598 2574 demesne,
620 2526 783 2566 without
816 2526 938 2577 livery
969 2528 1013 2566 of
1039 2527 1106 2565 the
1140 2527 1321 2566 foresters
1355 2540 1399 2565 or
1433 2534 1608 2566 warrant.
1666 2528 1754 2566 The
1788 2539 1897 2566 same

310 2604 473 2641 persons
493 2592 750 2642 responsible.

364 2656 453 2694 The
484 2657 697 2706 Preceptor
728 2657 774 2694 of
815 2655 1053 2705 Foulbridge
1086 2657 1205 2695 felled
1237 2656 1318 2695 and
1347 2655 1497 2694 carried
1530 2669 1636 2705 away
1665 2656 1751 2694 four
1779 2667 1898 2705 green

311 2719 407 2757 oaks
441 2718 482 2757 in
515 2720 629 2759 fence
661 2720 812 2759 month.
870 2720 959 2759 The
991 2719 1101 2758 Prior
1135 2721 1180 2759 of
1208 2721 1275 2759 the
1315 2719 1501 2770 Hospital
1545 2720 1589 2758 of
1624 2721 1676 2759 St.
1717 2720 1825 2770 John
1865 2719 1898 2758 is

311 2783 570 2834 responsible.

366 2850 482 2887 Peter
503 2849 553 2887 de
574 2847 716 2897 Nevill,
740 2849 946 2895 deceased,
971 2861 1024 2887 on
1044 2855 1120 2887 two
1149 2847 1355 2887 occasions
1385 2849 1480 2887 took
1510 2849 1631 2887 about
1665 2848 1771 2899 eight
1801 2849 1897 2887 oaks

311 2913 364 2962 by
385 2912 497 2963 night
516 2913 557 2951 in
578 2915 710 2963 Ayton
729 2914 861 2952 Wood
881 2913 1043 2952 without
1073 2914 1141 2952 the
1175 2914 1376 2960 demesne,
1411 2913 1574 2952 without
1604 2913 1725 2962 livery
1756 2914 1801 2951 of
1829 2914 1898 2952 the

311 2977 493 3015 foresters
532 2991 577 3017 or
613 2985 785 3018 warrant.
844 2979 932 3017 The
978 2991 1086 3017 same
1124 2990 1345 3017 successors
1392 2985 1433 3017 to
1471 2979 1538 3017 the
1585 2979 1785 3017 verderers
1831 2990 1897 3016 are

312 3042 566 3091 responsible.
