2044 3491
792 211 1025 244 coucHER
1058 212 1202 245 BOOK.
1716 208 1796 260 169

203 310 467 349 wodewardus
487 322 556 359 per
575 309 736 348 assisam
757 311 899 349 foreste
926 317 1080 360 portare
1101 312 1244 349 debeat
1274 310 1315 348 in
1335 312 1478 350 foresta
1506 312 1735 352 hachettum
1756 322 1795 353 et

203 388 285 412 non
305 388 438 412 arcum
459 382 496 412 et
518 374 674 424 sagittas
696 387 764 423 pro
786 374 939 413 sinistra
959 374 1184 424 suspicione
1205 374 1431 413 venacionis
1461 376 1712 426 deponenda,
1744 379 1796 416 ad

202 440 510 489 presentandum
539 446 620 477 tam
650 439 699 477 de
734 438 846 477 viridi
876 452 995 489 quarn
1030 441 1080 478 de
1111 439 1339 478 venacione.
1400 441 1451 478 Et
1482 440 1658 480 similiter
1690 455 1797 480 com-

202 511 357 556 pertum
392 511 451 542 est
484 516 554 552 per
592 503 754 541 eosdem
793 504 902 553 quod
942 503 1050 542 idem
1091 503 1290 542 Henricus
1329 504 1379 542 de
1420 506 1542 555 Percy
1581 512 1619 544 et
1658 519 1797 545 omnes

202 575 470 606 antecessores
492 567 549 605 sui
571 567 736 617 predicti
757 569 939 617 fugarunt
968 575 1007 606 et
1040 576 1230 618 ceperunt
1263 568 1457 618 capriolos
1490 569 1530 607 in
1562 570 1690 609 boscis
1720 571 1797 610 suis

201 633 387 683 predictis
408 641 487 671 tam
508 632 606 670 infra
627 639 856 682 coopertum
878 646 996 683 quam
1018 641 1123 671 extra
1144 647 1214 683 pro
1234 635 1437 672 voluntate
1458 647 1539 681 sua,
1563 647 1642 684 que
1671 636 1798 674 bestia

202 705 260 737 est
280 697 507 736 venacionis
528 699 681 744 foreste,
704 698 754 736 de
775 711 853 747 qua
874 698 1207 748 transgressione*
1237 698 1330 737 inde
1365 698 1537 737 convicti
1572 699 1667 738 alias
1700 707 1797 739 tem-

202 776 297 813 pore
326 776 406 813 quo
436 762 581 801 foresta
609 762 785 812 predicta
814 762 884 801 fuit
914 762 955 800 in
989 757 1133 808 manui*
1179 762 1330 801 domini
1372 763 1556 802 Edwardi
1596 765 1799 814 quondam

203 827 325 877 Regis
345 827 487 878 Anglie
506 827 568 865 avi
589 826 742 866 domini
762 827 882 877 Regis
899 841 1005 866 nunc
1021 829 1196 866 fecerunt
1213 829 1332 865 finem
1348 835 1389 866 ut
1402 841 1473 877 pro
1490 828 1799 878 transgressione

201 892 441 939 venacionis,
464 899 579 941 prout
600 891 805 930 manifeste
827 892 949 941 liquet
969 891 1128 941 prefatis
1157 892 1388 942 Justiciariis
1409 893 1474 930 hic
1498 906 1566 942 per
1590 895 1799 932 recordum

202 956 388 995 Willelmi
409 957 459 994 de
479 958 610 1006 Vescy
630 963 668 994 et
689 955 884 994 sociorum
916 970 1073 995 suorum
1104 956 1414 1006 Justiciariorum
1437 958 1589 996 dudum
1621 965 1800 1008 tempore

203 1020 299 1059 dicti
328 1020 389 1059 avi
419 1020 571 1059 domini
601 1019 722 1070 Regis
751 1033 858 1059 nune
897 1022 948 1060 ad
989 1021 1253 1060 itinerandum
1296 1023 1348 1060 ad
1390 1022 1534 1072 placita
1573 1024 1716 1062 foreste
1759 1023 1800 1061 in

204 1085 406 1125 Comitatu
437 1084 680 1124 Eboracensi
718 1085 1004 1135 assignatorum
1036 1087 1086 1125 de
1117 1087 1305 1125 mandato
1346 1086 1441 1125 dicti
1484 1087 1635 1126 domini
1678 1087 1799 1137 Regis

202 1164 310 1188 nunc
330 1151 381 1189 ad
402 1149 691 1190 Cancellarium
712 1164 826 1189 suum
848 1150 902 1190 eis
923 1151 1041 1190 missa
1063 1150 1096 1203 [?
1116 1165 1138 1190 a
1159 1152 1403 1191 Cancellaria
1424 1166 1492 1192 sua
1509 1153 1563 1192 eis
1576 1152 1795 1205 missum]‚‡

204 1216 305 1254 Ideo
345 1216 479 1265 quoad
517 1215 702 1253 clamium
742 1215 962 1265 predictum
1010 1229 1081 1266 pro
1129 1229 1177 1254 eo
1217 1217 1326 1266 quod
1374 1217 1585 1266 Justiciarii
1628 1218 1797 1268 predicti

204 1281 384 1319 nondum
405 1280 602 1318 avisantur
620 1281 671 1319 ad
689 1279 881 1329 judicium
905 1280 998 1319 inde
1019 1281 1269 1319 reddendum
1303 1282 1416 1320 datus
1451 1290 1509 1321 est
1544 1282 1628 1322 dies
1664 1283 1798 1322 eidem

204 1345 382 1383 Henrico
396 1358 528 1382 coram
546 1344 711 1383 domino
733 1347 844 1394 Rege
865 1345 905 1383 in
926 1345 1109 1384 Crastino
1131 1345 1363 1384 Animarum
1385 1347 1626 1397 ubicumque
1651 1355 1723 1386 ete.
1749 1349 1800 1386 de

204 1409 404 1448 audiendo
424 1409 518 1448 inde
536 1409 686 1458 judicio
708 1423 790 1457 suo,
814 1417 853 1448 et
873 1409 1023 1449 dictum
1046 1418 1104 1449 est
1124 1410 1254 1449 eidem
1291 1411 1471 1450 Henrico
1505 1414 1615 1462 quod
1644 1413 1801 1451 interim

204 1482 391 1524 sequatur
428 1475 547 1513 breve
586 1475 637 1512 de
675 1474 809 1513 venire
847 1474 1029 1513 faciendo
1068 1474 1162 1513 inde
1200 1477 1408 1514 reem-dum
1444 1484 1516 1515 etc.
1576 1478 1627 1516 Et
1662 1478 1796 1527 quoad

203 1538 403 1578 residuum
442 1538 673 1577 clamiorum
711 1538 977 1589 predictorum
1017 1546 1089 1577 etc.
1124 1538 1418 1578 consideratum
1450 1547 1508 1579 est
1547 1542 1656 1591 quod
1694 1541 1801 1581 idem

206 1602 405 1642 Henricus
426 1611 488 1642 eat
508 1603 601 1642 inde
635 1604 719 1642 sine
750 1603 826 1651 die,
849 1605 957 1642 salvo
989 1617 1144 1654 semper
1175 1605 1262 1653 jure
1297 1613 1368 1644 etc.
1429 1607 1573 1644 Postea
1612 1605 1800 1645 dominus

205 1670 292 1707 Rex
320 1668 521 1707 mandavit
542 1670 691 1718 prefato
713 1669 886 1707 Ricardo
907 1670 957 1707 de
974 1669 1195 1719 Wylughby
1215 1670 1334 1708 breve
1355 1683 1471 1709 suum
1502 1671 1542 1709 in
1562 1672 1637 1710 hec
1667 1673 1797 1710 verba.

205 1733 422 1772 Edwardus
445 1733 521 1772 Dei
555 1733 684 1783 gracia
715 1735 803 1772 Rex
838 1734 991 1784 Anglie‚
1016 1734 1212 1773 Dominus
1249 1735 1444 1774 Hibernie
1479 1743 1517 1775 et
1552 1738 1645 1775 Dux
1678 1736 1801 1787 Aqui-

205 1797 339 1836 tannie
360 1797 505 1836 dilecto
535 1805 574 1836 et
602 1797 709 1836 fideli
738 1811 810 1837 suo
841 1799 1017 1837 Ricardo
1047 1800 1097 1838 de
1126 1800 1350 1850 Wylughby
1371 1802 1545 1840 salutem.
1608 1801 1712 1841 Cum
1733 1814 1803 1839 vos

207 1869 246 1901 et
266 1861 363 1900 socii
396 1861 514 1901 vestri
548 1861 760 1912 Justiciarii
795 1863 918 1902 nostri
951 1864 1002 1902 ad
1034 1863 1178 1913 placita
1211 1865 1356 1903 foreste
1389 1864 1430 1903 in
1464 1867 1607 1904 foresta
1638 1865 1805 1904 Henrici

209 1926 377 1967 Comitis
418 1926 645 1966 Lancastrie
693 1928 744 1966 de
792 1928 988 1978 Pikeryng
1026 1928 1067 1966 in
1106 1928 1309 1969 Comitatu
1350 1929 1594 1969 Eboracensi
1631 1931 1805 1969 tenenda

207 2072 341 2110 woods
362 2084 403 2109 as
424 2072 508 2110 well
530 2071 663 2110 within
683 2073 750 2111 the
771 2081 903 2112 covert
923 2087 964 2112 as
986 2072 1158 2121 without,
1181 2073 1308 2113 which
1337 2073 1484 2112 animal
1515 2075 1547 2113 is
1577 2088 1600 2114 a
1626 2076 1738 2114 beast
1767 2077 1811 2114 of

208 2136 275 2174 the
295 2137 425 2183 forest,
444 2137 502 2174 for
519 2135 644 2174 which
667 2137 820 2175 offence
841 2138 1032 2186 poachers
1053 2151 1151 2177 were
1165 2138 1377 2177 convicted
1390 2140 1470 2177 and
1485 2140 1590 2178 fined
1605 2141 1717 2179 when
1734 2141 1803 2179 the

174 2222 178 2224 λ
208 2202 326 2239 forest
346 2213 422 2238 was
443 2199 482 2238 in
505 2200 613 2250 King
636 2202 803 2248 Henry's
826 2200 875 2254 [?]
897 2202 1035 2249 hands,
1057 2216 1099 2241 as
1121 2203 1263 2253 clearly
1290 2216 1455 2253 appears
1486 2206 1585 2243 from
1614 2205 1681 2243 the
1709 2206 1803 2244 rolls

209 2272 296 2303 sent
315 2265 415 2303 from
436 2265 628 2315 chancery
649 2267 691 2304 of
709 2266 775 2304 the
797 2267 898 2316 Eyre
929 2267 972 2305 of
1003 2267 1172 2305 William
1205 2268 1256 2306 de
1288 2270 1420 2318 Vescy
1452 2270 1532 2308 and
1567 2269 1626 2308 his
1656 2271 1803 2309 fellows

208 2329 426 2379 appointed
447 2329 616 2379 Justices
637 2329 676 2368 in
699 2332 801 2381 Eyre
831 2330 870 2369 in
905 2332 971 2370 the
991 2331 1085 2370 time
1114 2333 1160 2371 of
1189 2333 1359 2371 Edward
1390 2335 1440 2381 I;
1471 2335 1538 2373 the
1572 2334 1807 2373 determina-

209 2394 293 2433 tion
314 2395 360 2433 of
388 2395 464 2433 this
494 2391 678 2444 question
711 2395 742 2434 is
775 2396 969 2435 therefore
1002 2398 1190 2436 removed
1223 2396 1306 2436 into
1341 2399 1408 2437 the
1443 2400 1566 2438 Court
1595 2401 1639 2437 of
1666 2399 1806 2448 King's

210 2459 359 2506 Bench,
382 2460 512 2498 whose
532 2467 626 2498 next
646 2459 799 2511 sittings
820 2463 1083 2500 commenced
1117 2475 1170 2500 on
1201 2462 1268 2501 the
1301 2476 1469 2502 morrow
1498 2465 1544 2502 of
1568 2465 1632 2502 All
1663 2463 1804 2511 Saints‚

210 2524 290 2561 and
312 2524 450 2573 Henry
472 2525 522 2562 de
544 2526 665 2574 Percy
685 2524 717 2562 is
738 2524 778 2562 in
799 2525 866 2564 the
888 2525 1102 2564 meantime
1132 2525 1307 2566 directed
1336 2535 1377 2566 to
1408 2542 1475 2567 sue
1506 2536 1574 2567 out
1603 2542 1627 2566 a
1655 2529 1737 2567 writ
1767 2530 1813 2567 of

212 2590 339 2627 venire
346 2590 477 2638 facias
497 2591 703 2637 recordatu,
726 2597 798 2629 etc.
858 2592 946 2629 The
967 2591 1188 2630 remainder
1208 2593 1252 2630 of
1275 2593 1341 2631 the
1371 2593 1506 2632 claims
1535 2607 1599 2632 are
1628 2594 1805 2632 allowed.

211 2654 300 2692 The
320 2653 400 2692 writ
421 2667 496 2692 was
517 2654 649 2693 issued
670 2655 720 2704 by
742 2655 914 2693 Edward
943 2656 1059 2694 Duke
1081 2656 1125 2694 of
1141 2657 1336 2695 Cornwall
1352 2658 1431 2695 and
1452 2659 1543 2696 Earl
1565 2659 1610 2696 of
1626 2658 1803 2705 Chester‚

213 2718 373 2766 Keeper
406 2718 451 2755 of
478 2718 673 2767 England‚
696 2719 815 2756 dated
837 2718 1109 2769 Kennington‚
1138 2721 1183 2757 16
1218 2721 1403 2770 October,
1426 2725 1554 2772 13383
1583 2723 1662 2761 and
1691 2723 1807 2761 after-

213 2781 335 2820 wards
356 2794 379 2819 a
398 2780 480 2819 writ
500 2782 545 2819 of
571 2781 768 2820 certiorari
798 2796 874 2821 was
907 2784 990 2822 also
1023 2782 1157 2823 issued
1192 2785 1243 2835 by
1274 2787 1341 2825 the
1376 2799 1484 2825 same
1513 2786 1662 2833 Prince,
1685 2786 1806 2824 dated

259 2880 275 2896 *
302 2879 342 2910 In
359 2878 480 2911 Coram
497 2879 589 2920 Rege
606 2880 694 2918 Roll,
718 2888 756 2920 13
774 2880 867 2912 Edw.
890 2881 971 2919 ΙΙΙ.,
993 2881 1066 2912 Hil.
1083 2882 1194 2918 Terin,
1213 2892 1238 2915 r.
1262 2882 1333 2923 106,
1353 2894 1402 2914 we
1421 2883 1488 2914 find
1503 2887 1764 2923 transgressores.

256 2930 279 2966 †
303 2931 319 2961 I
335 2930 431 2961 think
448 2930 518 2961 that
535 2930 599 2961 this
616 2941 682 2962 was
697 2937 755 2963 not
771 2932 826 2963 the
842 2943 927 2971 case,
945 2933 1004 2964 but
1020 2929 1076 2964 the
1091 2935 1303 2975 explanation
1330 2945 1435 2967 seems
1459 2938 1494 2967 to
1519 2934 1604 2966 have
1627 2934 1712 2965 been
1735 2933 1808 2966 that

213 2981 269 3013 the
285 2982 372 3023 Eyre
390 2992 455 3013 was
472 2986 571 3023 temp.
596 2983 688 3014 Edw.
710 2983 753 3019 1.‚
771 2983 826 3014 the
842 2984 968 3016 offence
985 2988 1086 3026 temp.
1108 2985 1224 3027 Henry
1241 2986 1307 3018 111.

258 3034 278 3070 ‡
301 3034 356 3065 Sz'c
372 3033 404 3066 in
422 3034 543 3066 Coram
562 3034 654 3076 Rege
672 3034 749 3066 Roll
766 3039 805 3066 ztt
820 3039 931 3077 supra.
