2044 3491
269 203 293 233 2
307 193 356 234 18
716 206 719 209 ⁴
815 210 822 214 -
937 202 1205 234 APPENDIX.

833 321 835 323 ·
870 299 912 339 id
932 313 982 339 m.
1006 302 1067 351 5d.
1092 300 1256 352 (Fines).

320 385 383 423 De
404 385 582 423 Roberto
603 384 654 422 de
674 383 948 432 Scardeburgh
968 382 1090 421 milite
1112 383 1162 421 de
1182 383 1260 420 fine
1280 394 1352 431 pro
1372 380 1648 421 subtraccione
1667 389 1755 421 taxe
1786 395 1854 422 sue

265 448 403 499 quinte
423 449 576 488 decime
596 449 637 487 in
657 448 747 486 villa
767 449 818 486 de
839 448 1036 486 Ebreston
1068 447 1108 485 in
1145 446 1412 497 Pykeringlith
1446 447 1497 484 ad
1531 460 1651 496 quam
1680 461 1854 488 assessus

265 513 346 561 fuit,
368 515 474 553 unde
500 513 712 552 indictatus
743 520 800 551 est
829 520 868 551 et
896 526 966 562 per
994 512 1270 562 cognicionem
1300 525 1411 549 suam
1441 512 1656 560 c0nvictus,
1678 525 1747 562 per
1775 513 1856 562 ple·

262 578 371 629 gium
392 579 557 618 Roberti
578 581 659 617 Paa
679 580 729 628 de
751 579 1026 628 Scardeburgh
1046 585 1084 617 et
1105 576 1291 615 Willelmi
1311 578 1362 616 de
1383 577 1647 627 Pokelington
1677 607 1685 616 .
1719 608 1727 627 ·,
1760 607 1768 616 .
1800 607 1808 616 .
1841 607 1849 616 .
1879 568 1894 571 *-

264 643 306 683 di
325 657 417 683 mar.
1284 668 1287 670 .

398 684 417 688 ⁷-
573 709 717 761 Coram
739 709 851 757 Rege
872 706 986 758 (355)
1008 707 1104 745 Hill.
1167 719 1213 755 23
1237 706 1310 744 Ed.
1335 707 1414 745 111.
1437 702 1487 744 mss
1511 708 1545 744 6.

318 792 421 830 Item
443 796 680 841 ,presentant
714 790 824 839 quod
864 791 1044 838 Rogerus
1084 789 1134 826 de
1173 789 1389 842 Allestane,
1427 788 1603 825 Thomas
1641 786 1773 825 White
1802 787 1854 825 de

264 856 462 900 Ebreston
478 862 517 893 et
537 854 601 892 alii
622 854 686 893 die
705 853 818 893 Lune
837 854 1016 903 proximo
1038 861 1127 903 post
1148 854 1290 891 festum
1311 851 1445 891 Sancti
1465 852 1660 901 Joh'annis
1678 851 1854 901 Baptiste

261 919 367 959 anno
387 920 496 970 regni
517 919 637 969 Regis
659 933 765 957 nunc
785 919 927 969 Anglie
949 918 1106 957 decimo
1127 925 1268 957 octavo
1302 918 1410 967 apud
1441 918 1637 956 Ebreston
1666 917 1707 954 in
1728 929 1850 966 qeun—

262 986 355 1023 dam
393 986 616 1035 Johannem
658 986 709 1023 de
740 983 966 1028 ‘Foxholesff
1015 983 1256 1033 assignatum
1290 995 1360 1032 per
1393 981 1714 1025 commissionem
1748 981 1852 1019 vice-

261 1050 417 1088 comitis
461 1049 724 1088 Eboracensis
771 1050 823 1087 ad
870 1049 1078 1086 levandam
1116 1060 1280 1087 nonam·
1301 1048 1504 1096 garbarum
1534 1046 1710 1093 ,domino
1751 1045 1853 1095 Regi

262 1127 550 1162 concessarum,
582 1113 730 1152 scilicet
760 1114 810 1151 de
854 1114 1034 1150 Roberto
1078 1113 1128 1151 de
1171 1112 1444 1161 Scardeburgh
1487 1111 1670 1150 Chivaler
1712 1111 1852 1149 decem

259 1180 377 1219 libras
397 1179 437 1217 in
460 1181 656 1217 Ebreston
678 1186 715 1217 et
735 1178 819 1216 aliis
840 1179 891 1216 de
911 1178 1016 1216 dicta
1037 1174 1125 1216 taxa
1145 1190 1168 1214 a
1188 1185 1290 1215 retro
1311 1175 1568 1215 existentibus
1600 1175 1638 1213 vi
1667 1181 1706 1213 et
1734 1174 1851 1213 armis

260 1244 448 1283 insultum
469 1246 645 1282 fecerunt
667 1250 705 1282 et
727 1243 854 1292 ipsum
876 1250 1064 1291 ceperunt
1094 1249 1132 1280 et
1161 1241 1201 1279 in
1236 1241 1367 1279 officio
1402 1254 1475 1279 suo
1509 1240 1692 1278 faciendo
1720 1238 1851 1289 ipsum

259 1310 561 1347 verberaverunt
600 1316 638 1347 et
676 1309 980 1346 vulneraverunt
1019 1315 1058 1345 et
1097 1308 1199 1345 male
1238 1313 1512 1353 tractaverunt,
1534 1305 1583 1343 .in
1618 1306 1851 1353 despectum

259 1372 413 1411 domini
433 1372 553 1422 Regis
575 1381 613 1412 et
633 1373 673 1411 in
693 1372 1004 1411 retardacionem
1025 1371 1280 1421 negociorum
1316 1384 1475 1409 suorum
1493 1369 1776 1420 *predictorum
1811 1375 1850 1406 et

259 1440 311 1477 ad
340 1439 558 1487 dampnum
588 1438 708 1487 ipsius
728 1436 922 1487 Johannis
955 1438 1005 1475 de
1027 1437 1223 1474 Foxholes
1253 1443 1413 1474 centum
1443 1435 1630 1473 librarum
1653 1441 1690 1472 et
1712 1441 1851 1472 contra

258 1516 398 1553 pacem
423 1503 554 1553 Regis,
577 1516 646 1553 per
665 1504 774 1552 quod
795 1509 1024 1551 preceptum
1045 1501 1116 1538 fuit
1145 1500 1368 1538 vicecomiti
1401 1501 1510 1549 quod
1540 1499 1673 1538 venire
1706 1500 1850 1537 faceret

258 1581 391 1606 coram
413 1569 524 1617 Rege
545 1567 741 1617 predictos
763 1569 964 1616 Rogerum
985 1567 1035 1604 de
1056 1566 1275 1603 Allerstane
1295 1573 1333 1603 et
1349 1565 1446 1603 alios
1462 1566 1513 1603 ad
1526 1565 1849 1614 respondendum

259 1632 423 1671 domino
445 1631 546 1681 Regi
567 1645 682 1681 super
716 1630 937 1681 premissis,
982 1629 1050 1679 qui
1078 1628 1249 1679 quidem·
1272 1631 1452 1679 Rogerus
1481 1630 1531 1667 de
1561 1630 1781 1667 Allerstane
1810 1635 1850 1666 et

259 1696 324 1736 alii
370 1696 532 1735 veniunt
570 1705 608 1734 et
647 1696 808 1734 allocuti
847 1694 1071 1745 singillatim
1119 1693 1285 1744 qualiter
1323 1707 1364 1732 se
1403 1694 1453 1732 de
1491 1692 1689 1743 premissis
1727 1693 1850 1732 velint

258 1761 493 1812 acquietare,
516 1760 584 1810 qui
605 1760 794 1810 premissa
813 1759 996 1798 dedicere
1016 1772 1097 1798 non
1118 1767 1293 1809 possunt,
1317 1766 1376 1797 set
1397 1758 1611 1808 singillitim
1633 1766 1786 1808 ponunt
1807 1771 1849 1797 se

258 1828 310 1865 ad
329 1826 499 1876 graciam
520 1825 642 1875 Regis
676 1833 714 1863 et
745 1827 923 1863 fecerunt
957 1826 1074 1863 finem
1105 1838 1196 1862 cum
1228 1823 1394 1862 domino
1426 1825 1538 1873 Rege
1571 1823 1848 1862 occasionibus

314 1978 432 2014 From
471 1974 530 2014 Sir
568 1975 722 2012 Robert
761 1973 812 2011 de
850 1971 1125 2020 Scarborough
1159 1970 1267 2008 fined
1307 1971 1366 2008 for
1399 1977 1669 2019 nonpayment
1707 1971 1751 2008 of
1785 1970 1846 2010 his

263 2042 442 2080 fifteenth
462 2047 504 2078 to
525 2038 651 2078 which
672 2039 721 2076 he
742 2050 817 2076 was
838 2036 1017 2075 assessed
1037 2035 1077 2073 in
1100 2036 1323 2073 Ebberston
1339 2049 1349 2083 3
1379 2036 1439 2072 for
1469 2035 1594 2073 which
1615 2037 1768 2074 offence
1796 2038 1846 2075 he

257 2119 334 2145 was
354 2104 530 2143 indicted
550 2105 629 2142 and
651 2103 774 2141 found
804 2102 928 2152 guilty
960 2114 1013 2139 on
1034 2100 1094 2138 his
1116 2113 1202 2138 own
1226 2099 1462 2146 confession,
1486 2102 1525 2137 6⁵
1546 2098 1600 2138 Sd.
1658 2099 1841 2147 Sureties,

258 2172 412 2209 Robert
431 2172 535 2218 Parr,
558 2170 602 2207 of
627 2168 912 2217 Scarborough,
935 2167 1014 2205 and
1034 2165 1206 2203 William
1227 2166 1277 2204 de
1298 2164 1573 2215 Pocklington.

907 2295 1071 2344 Hillary,
1099 2308 1114 2331 1
1123 2308 1210 2344 349.

312 2385 401 2422 The
421 2384 517 2432 Jury
536 2386 694 2430 present
714 2379 798 2416 that
819 2379 953 2427 Roger
973 2378 1023 2415 de
1043 2378 1252 2425 Allerstan,
1275 2378 1452 2415 Thomas
1474 2376 1616 2425 White,
1637 2378 1682 2416 of
1699 2378 1845 2416 Ebber-

259 2458 361 2496 ston,
381 2448 462 2486 and
482 2447 625 2491 others,
648 2457 701 2482 on
723 2443 912 2490 Monday,
934 2442 1028 2479 28th
1044 2442 1159 2490 June,
1181 2454 1294 2490 1344,
1312 2441 1500 2492 violently
1519 2443 1717 2480 assaulted
1736 2442 1845 2491 John

259 2516 310 2554 de
330 2512 538 2558 Foxholes,
561 2509 647 2547 who
668 2508 748 2546 had
781 2508 884 2545 been
915 2506 1132 2555 appointed
1164 2507 1215 2555 by
1249 2507 1317 2544 the
1352 2506 1497 2556 Sheriff
1529 2513 1570 2544 to
1603 2507 1745 2544 collect
1775 2507 1843 2544 the

257 2591 403 2618 arrears
434 2577 480 2615 of
503 2575 570 2613 the
601 2573 714 2611 ninth
743 2572 880 2616 sheaf†
915 2571 1079 2620 granted
1109 2577 1150 2609 to
1181 2572 1248 2609 the
1285 2571 1403 2621 King,
1437 2570 1594 2620 namely
1612 2568 1662 2619 ,ζ
1669 2584 1715 2607 10
1745 2572 1844 2609 from

257 2643 317 2683 Sir
336 2643 488 2681 Robert
508 2641 558 2678 de
579 2637 862 2686 Scarborough,
884 2636 963 2674 and
994 2635 1106 2673 other
1138 2648 1292 2674 arrears.
1352 2636 1465 2684 They
1491 2636 1595 2682 beat,
1631 2636 1840 2682 wounded,

259 2708 339 2747 and
358 2704 568 2744 ill-treated
587 2702 668 2740 him
689 2701 816 2740 whilst
835 2699 876 2737 in
904 2700 972 2738 the
992 2699 1200 2738 execution
1221 2701 1267 2737 of
1289 2699 1349 2738 his
1370 2701 1494 2747 office,
1518 2699 1558 2737 in
1579 2706 1784 2749 contempt
1804 2699 1848 2737 of

258 2774 325 2811 the
346 2771 456 2820 King
485 2769 565 2807 and
595 2765 778 2815 delaying
807 2763 869 2802 his
902 2763 1095 2803 business.
1154 2765 1262 2813 John
1294 2765 1463 2803 suffered
1496 2764 1662 2812 damage
1698 2769 1741 2800 to
1774 2761 1842 2800 the

259 2843 390 2876 extent
409 2836 454 2874 of
477 2832 526 2883 A
533 2845 617 2871 100.
675 2832 763 2869 The
783 2828 1035 2878 delinquents
1064 2841 1129 2867 are
1159 2830 1407 2876 summoned,
1429 2840 1575 2879 appear
1607 2828 1687 2866 and
1717 2825 1842 2865 admit

303 2932 318 2947 ²¹
343 2931 445 2962 From
460 2930 516 2962 the
538 2929 716 2972 preceding
739 2929 800 2960 roll
817 2928 908 2969 (384)
927 2927 1038 2968 (Fines
1053 2938 1096 2960 m.
1118 2926 1189 2966 Sd.)
1206 2937 1255 2959 we
1271 2927 1362 2959 leam
1377 2926 1448 2959 that
1463 2926 1505 2958 he
1522 2935 1588 2958 was
1603 2924 1713 2957 bailiff
1730 2925 1768 2957 of
1786 2925 1842 2958 the

256 2982 451 3024 wapentake
467 2983 503 3014 of
516 2982 692 3014 Buckrose.
740 2981 887 3013 Thomas
903 2980 1016 3011 White
1032 2990 1099 3011 was
1114 2979 1203 3011 fined
1218 2988 1287 3010 zos.

301 3035 317 3072 †
343 3034 406 3066 See
422 3034 595 3066 Nonarum
612 3032 848 3074 Inquisitiones
864 3031 929 3063 and
947 3031 1104 3070 statutes‚
1126 3038 1165 3070 14
1182 3030 1328 3063 Edward
1346 3030 1426 3069 111„
1446 3033 1483 3062 st.
1509 3037 1538 3068 1,
1561 3039 1590 3061 c.
1608 3037 1658 3060 20.
