2044 3491
784 233 1114 274 INQUISITION.
1663 242 1745 283 223

157 329 314 368 Roston
335 342 452 368 unam
474 330 658 369 bovatam
684 336 784 368 terre
813 343 903 368 cum
938 329 1191 380 pertinenciis
1222 331 1273 369 de
1302 332 1461 371 Thoma
1481 334 1562 373 filio
1583 336 1745 375 Walteri

157 405 227 442 per
247 394 450 432 servicium
470 393 582 443 xviijd
601 407 670 444 per
698 407 846 432 annum
882 395 933 433 de
966 394 1072 433 feodi
1105 393 1210 433 Petri
1248 396 1299 434 de
1334 397 1434 435 Brus
1469 405 1507 436 et
1540 400 1644 438 valet
1677 413 1747 450 per

157 470 306 496 annum
327 458 408 508 xiijS
428 457 531 508 iiijd3
561 466 600 497 et
620 458 757 497 dicunt
778 459 888 508 quod
917 471 1055 497 omnes
1085 465 1185 497 terre
1218 466 1256 497 et
1290 467 1516 500 tenementa
1546 476 1636 501 cum
1667 464 1746 504 suis

157 521 407 571 pertinenciis
427 524 557 561 valent
577 536 646 572 per
664 536 813 561 annum
834 522 874 561 in
895 523 1079 562 omnibus
1101 522 1266 562 exitibus
1288 525 1339 563 de
1359 525 1464 563 claro
1485 525 1569 564 lxxli
1589 529 1642 577 ij
1662 527 1720 566 ixd
1736 543 1747 577 3

156 592 195 624 et
215 585 354 625 dicunt
373 588 483 636 quod
512 586 640 625 dictus
661 587 882 626 Willelmus
917 588 968 626 de
1001 589 1131 637 Vescy
1168 601 1249 626 non
1281 587 1378 626 obiit
1409 589 1564 629 seisitus
1594 593 1644 630 de
1665 605 1747 641 pre-

155 650 270 689 dictis
290 652 526 690 tenementis
547 651 587 690 in
618 652 820 691 dominico
851 666 921 691 suo
952 659 994 691 ut
1027 653 1077 691 de
1101 653 1220 691 feodo
1250 660 1308 691 set
1338 654 1388 692 de
1417 655 1539 694 feodo
1568 656 1718 695 talliato
1735 671 1744 704 ;

155 714 249 764 quia
269 715 465 754 Antonius
487 717 688 766 quondam
723 716 944 766 Episcopus
982 716 1262 755 Dunelmensis
1296 716 1367 755 fuit
1398 718 1554 758 seisitus
1584 721 1636 759 de
1666 734 1748 770 pre-

154 778 269 817 dictis
307 780 544 819 tenementis
582 780 623 818 in
661 780 864 819 dominico
904 794 975 819 suo
1014 788 1057 831 ut
1095 782 1146 820 de
1186 782 1318 828 feodo,
1359 790 1397 821 et
1440 783 1534 823 inde
1574 785 1748 824 feoffavit

155 842 396 882 Willelmum
437 845 488 883 de
527 846 657 894 Vescy
691 846 909 884 tenendum
945 844 1019 883 sibi
1055 852 1093 884 et
1132 845 1346 884 heredibus
1385 845 1436 883 de
1474 858 1638 895 corpore
1676 860 1748 886 suo

155 907 390 946 exeuntibus
421 909 472 947 de
501 909 734 958 capitalibus
767 908 939 947 dominis
971 908 1078 947 feodi
1116 922 1186 959 per
1224 910 1387 948 servicia
1419 909 1513 949 inde
1544 911 1679 949 debita
1708 919 1747 949 et

153 980 353 1019 consueta,
378 980 416 1011 et
436 972 468 1011 si
488 973 692 1024 contingat
713 975 822 1023 quod
853 973 982 1012 dictus
1003 973 1222 1012 Willelmus
1244 973 1385 1013 obierit
1414 974 1498 1013 sine
1527 975 1673 1014 herede
1693 976 1744 1014 de

154 1049 318 1086 corpore
347 1051 419 1076 suo
449 1046 625 1086 exeunte,
649 1039 757 1088 quod
789 1038 894 1077 dicta
925 1046 1151 1077 tenementa
1181 1046 1427 1078 remanerent
1461 1040 1658 1078 Willelmo
1692 1041 1743 1079 de

164 1102 295 1150 Vescy
316 1103 366 1140 de
398 1102 564 1141 Kildare
597 1104 771 1141 tenenda
797 1103 869 1141 sibi
899 1110 937 1141 et
966 1103 1175 1141 heredibus
1206 1102 1284 1141 suis
1304 1104 1356 1143 de
1375 1116 1538 1153 corpore
1567 1117 1639 1142 suo
1659 1117 1746 1154 pro-

155 1166 306 1213 creatis,
347 1174 385 1205 et
423 1166 455 1205 si
492 1167 598 1206 idem
637 1168 854 1206 Willelmus
885 1168 1026 1207 obierit
1069 1168 1153 1207 sine
1195 1169 1341 1207 herede
1379 1170 1430 1207 de
1468 1182 1633 1218 corpore
1670 1183 1742 1208 suo

154 1238 323 1270 exeunte
352 1238 447 1270 tunc
476 1240 563 1281 post
601 1234 808 1271 decessum
843 1232 938 1272 dicti
969 1232 1156 1271 Willelmi
1195 1235 1245 1272 de
1279 1234 1442 1272 Kildare
1475 1233 1608 1271 omnia
1638 1234 1744 1272 dicta

153 1301 379 1334 tenementa
417 1296 566 1346 integre
604 1305 852 1336 remanerent
889 1297 1004 1336 rectis
1044 1298 1253 1336 heredibus
1290 1298 1474 1336 Willelmi
1521 1299 1572 1336 de
1611 1300 1742 1347 Vescy

153 1359 339 1409 senioris;
370 1367 407 1399 et
427 1360 565 1399 dicunt
593 1363 703 1411 quod
736 1361 865 1400 dictus
886 1363 1103 1400 Willelmus
1138 1363 1188 1401 de
1217 1364 1347 1413 Vescy
1369 1365 1418 1402 de
1451 1363 1615 1401 Kildare
1644 1363 1742 1401 obiit

153 1423 237 1464 sine
257 1425 402 1464 herede
423 1427 474 1465 de
494 1439 658 1476 corpore
679 1440 750 1465 suo
772 1435 938 1466 exeunte
955 1442 966 1475 3
995 1435 1033 1466 et
1065 1428 1201 1466 dicunt
1230 1430 1340 1478 quod
1370 1428 1540 1467 totaliter
1560 1427 1741 1477 ignorant

152 1488 240 1538 quis
261 1489 309 1527 sit
330 1489 585 1540 propinquior
605 1492 716 1530 heres
738 1491 832 1530 dicti
853 1491 1036 1530 Willelmi
1052 1493 1102 1531 de
1115 1494 1244 1543 Vescy
1261 1492 1434 1531 senioris.
1488 1493 1589 1530 Item
1605 1492 1743 1531 dicunt

151 1554 261 1603 quod
282 1553 345 1592 illa
366 1567 453 1604 pars
483 1555 594 1594 bosci
624 1557 675 1595 de
705 1557 901 1595 Trucedal
935 1570 1068 1595 versus
1100 1565 1272 1596 austrum
1308 1559 1359 1597 de
1390 1559 1500 1607 cujus
1534 1558 1654 1596 feodo
1693 1556 1742 1595 sit

150 1617 331 1667 ignorant
351 1620 400 1657 ad
422 1632 608 1668 presens,
638 1628 676 1659 et
696 1621 833 1659 dicunt
863 1622 972 1671 quod
993 1635 1132 1660 omnes
1162 1629 1341 1660 tenentes
1373 1621 1542 1661 Comitis
1572 1623 1741 1660 Lancas-

149 1682 221 1721 trie
241 1690 279 1722 et
298 1684 492 1732 Johannis
513 1686 563 1723 de
585 1687 752 1735 Mubray
773 1686 920 1724 debent
949 1685 1099 1724 ibidem
1134 1700 1225 1724 cum
1259 1687 1398 1726 averiis
1419 1686 1499 1725 suis
1520 1686 1741 1725 communi-

150 1760 238 1786 care
271 1755 308 1787 et
341 1748 502 1798 capiunt
536 1750 728 1788 estoveria
762 1764 832 1789 sua
868 1751 909 1789 in
948 1750 1123 1800 predicta
1161 1751 1261 1801 parti
1301 1751 1413 1790 bosci
1442 1751 1619 1802 predicti.
1692 1752 1742 1789 In

150 1825 264 1862 cnjus
285 1821 358 1852 etc.

205 1944 272 1980 He
301 1943 395 1980 held
423 1941 464 1979 in
494 1944 651 1980 Ruston
672 1955 749 1981 one
769 1956 923 1993 oxgang
943 1945 988 1981 of
1002 1945 1133 1982 arable
1155 1945 1198 1983 of
1214 1945 1406 1992 Thomas,
1430 1958 1503 1983 son
1524 1947 1569 1984 of
1583 1947 1742 1994 Walter,

148 2014 188 2046 at
216 2008 283 2045 the
312 2006 458 2045 service
487 2008 532 2045 of
560 2015 594 2045 1S
624 2005 667 2045 ὀᾶ
696 2021 718 2046 a
746 2021 838 2058 year
866 2009 912 2046 of
935 2009 1001 2047 the
1030 2010 1092 2048 fee
1114 2010 1159 2047 of
1185 2011 1300 2048 Peter
1322 2012 1463 2058 Bruce,
1485 2011 1614 2061 yearly
1629 2012 1743 2050 value

154 2081 216 2123 13S
244 2072 298 2121 4‘1-

202 2140 319 2179 Total
347 2140 461 2178 value
504 2139 550 2177 of
586 2140 654 2178 the
682 2140 819 2186 above,
852 2137 955 2187 7570
987 2141 1025 2177 6S
1054 2138 1108 2188 90¹.
1182 2138 1353 2177 William
1394 2140 1445 2178 de
1489 2141 1619 2189 Vescy
1662 2154 1740 2179 was

147 2204 278 2244 seized
309 2205 352 2243 of
389 2205 456 2242 the
485 2206 611 2243 above
641 2203 681 2241 in
710 2205 771 2242 see
800 2203 867 2241 tail
896 2204 1003 2242 since
1038 2204 1266 2253 Anthony,*
1298 2203 1446 2253 Bishop
1477 2205 1521 2242 of
1545 2205 1737 2252 Durham,

147 2284 222 2309 was
252 2269 382 2309 seized
412 2270 568 2308 thereos
591 2269 631 2307 in
661 2270 732 2316 fee,
764 2269 842 2307 and
872 2270 1038 2318 granted
1067 2270 1176 2307 them
1217 2276 1259 2307 to
1302 2268 1472 2306 William
1516 2270 1567 2307 de
1609 2271 1740 2319 Vescy

146 2336 227 2374 and
255 2336 321 2374 the
351 2334 451 2373 heirs
481 2335 525 2373 of
549 2333 607 2372 his
637 2335 754 2383 body,
787 2334 879 2372 with
908 2333 1131 2372 remainder
1159 2340 1200 2372 to
1236 2332 1405 2371 William
1435 2335 1485 2372 de
1526 2335 1657 2384 Vescy
1699 2336 1746 2373 of

148 2399 312 2438 Kildare
332 2400 411 2437 and
432 2399 499 2437 the
527 2398 628 2437 heirs
658 2399 703 2437 of
728 2398 786 2436 his
816 2398 934 2447 body,
966 2397 1057 2436 with
1086 2399 1309 2437 remainder
1337 2406 1378 2437 to
1408 2399 1475 2437 the
1503 2398 1605 2448 right
1636 2398 1738 2437 heirs

149 2464 194 2502 of
217 2463 386 2501 William
421 2464 471 2502 de
505 2464 635 2511 Vescy
664 2463 731 2501 the
761 2463 878 2501 elder.
937 2461 1107 2500 William
1142 2463 1192 2501 de
1221 2464 1350 2512 Vescy
1380 2464 1426 2500 of
1451 2463 1614 2501 Kildare
1644 2463 1738 2502 died

146 2528 309 2567 without
329 2528 443 2574 issue,
475 2528 554 2565 and
583 2528 675 2575 they
704 2540 768 2564 are
798 2526 961 2576 entirely
989 2521 1170 2576 ignorant
1199 2528 1286 2566 who
1316 2527 1347 2565 is
1377 2528 1443 2565 the
1473 2535 1564 2566 next
1594 2527 1677 2566 heir
1697 2529 1742 2566 of

147 2593 316 2631 William
346 2594 397 2632 de
424 2594 554 2642 Vescy
596 2593 662 2631 the
703 2593 819 2630 elder.
880 2592 1054 2638 Further‚
1087 2592 1180 2641 they
1209 2605 1274 2640 say
1305 2592 1387 2630 that
1431 2593 1523 2640 they
1567 2593 1620 2630 do
1664 2599 1736 2630 not

147 2659 262 2696 know
291 2657 331 2695 in
360 2657 490 2695 whose
519 2657 580 2695 fee
609 2657 676 2695 the
714 2657 903 2694 southern
943 2663 1029 2705 part
1069 2657 1115 2694 of
1149 2656 1386 2694 Troutsdale
1430 2657 1560 2694 Wood
1603 2656 1645 2704 is,
1677 2658 1737 2694 for

146 2724 244 2761 both
265 2724 332 2761 the
360 2729 516 2761 tenants
545 2722 589 2760 of
613 2722 679 2760 the
711 2721 801 2759 Earl
830 2721 875 2759 of
900 2722 1112 2758 Lancaster
1140 2721 1220 2759 and
1249 2722 1295 2759 of
1318 2721 1424 2770 John
1454 2721 1504 2759 de
1533 2722 1736 2771 Mowbray

147 2788 269 2837 ought
287 2794 327 2825 to
349 2787 448 2825 have
468 2798 655 2825 common
676 2786 720 2824 of
734 2792 891 2836 pasture
911 2785 990 2823 and
1011 2785 1100 2823 take
1113 2779 1294 2824 ¹estovers
1315 2785 1435 2824 there.

192 2881 207 2897 *
232 2880 314 2911 This
338 2889 403 2911 was
427 2879 587 2921 probably
603 2878 682 2920 only
697 2889 716 2910 a
732 2877 978 2919 conveyaneing
1002 2876 1116 2908 device
1140 2876 1190 2908 for
1213 2876 1270 2908 the
1297 2886 1437 2918 purpose
1462 2875 1500 2907 of
1523 2875 1669 2917 creating
1692 2887 1735 2908 an

146 2932 257 2970 entail,
286 2931 350 2963 and
377 2931 456 2962 does
482 2934 541 2962 not
571 2930 663 2962 show
687 2930 757 2961 that
785 2929 841 2961 the
869 2929 994 2970 Bishop
1018 2938 1093 2960 ever
1123 2928 1189 2958 had
1219 2937 1284 2968 any
1314 2928 1447 2959 interest
1478 2927 1512 2958 in
1535 2927 1590 2958 the
1614 2927 1734 2966 lands3

145 2983 305 3024 although
322 2982 378 3015 the
405 2982 529 3023 Bishop
556 2992 640 3023 gave
657 2980 813 3013 Alnwick
836 2980 902 3012 and
930 2980 985 3012 the
1003 2980 1113 3020 Vescy
1138 2983 1295 3020 property
1323 2978 1357 3010 in
1374 2978 1684 3011 Northurnberland
1703 2984 1737 3011 to

145 3037 201 3069 the
220 3037 359 3070 Percies.
