2044 3491
258 213 344 254 214
921 206 1189 240 APPENDIX.

502 318 647 357 Coram
669 319 781 367 Rege
803 315 895 368 (No.
921 315 1017 368 354)
1040 316 1162 355 Mich.
1190 330 1235 353 22
1261 316 1334 354 Ed.
1361 317 1438 355 III.
1464 328 1514 354 m.
1539 314 1602 365 3d.

314 402 548 450 Preceptum
570 398 643 438 fuit
663 397 887 438 vicecomiti
919 397 1018 436 sicut
1051 397 1197 448 pluries
1230 398 1338 447 quod
1370 410 1451 435 non
1471 396 1669 435 omitteret
1691 402 1850 446 propter

258 464 478 504 libertatem
500 465 551 504 de
572 465 779 515 Pykeryng
799 463 894 514 quin
924 476 993 513 per
1026 463 1174 513 probos
1206 469 1269 500 etc
1298 461 1397 500 scire
1427 463 1572 500 faceret
1601 462 1775 499 Radulfo
1796 461 1848 498 de

265 532 495 580 Hastynges
542 529 715 568 chivaler
747 529 856 579 quod
887 535 989 567 esset
1018 541 1151 566 coram
1183 526 1347 566 domino
1378 528 1489 576 Rege
1520 527 1572 564 ad
1605 526 1712 563 hunc
1743 525 1849 563 diem

261 595 503 644 ubicumque
533 601 596 632 etc
622 594 826 632 auditurus
866 593 1074 631 recordum
1100 599 1138 630 et
1155 591 1350 641 judicium
1371 604 1482 629 suum
1513 591 1563 629 de
1589 591 1747 640 loquela
1773 601 1850 639 que

262 652 335 697 fuit
355 659 397 697 in
418 658 537 698 Curia
559 658 679 708 Regis
700 658 801 696 inter
819 656 949 706 ipsum
979 657 1195 694 Radulfum
1217 662 1254 694 et
1277 655 1450 693 Priorem
1474 654 1695 704 Hospitalis
1716 653 1850 693 Sancti

262 722 458 774 Johannis
475 723 690 772 Jerusalem
709 721 749 759 in
765 720 907 771 Anglia
923 721 973 759 de
989 733 1037 759 eo
1053 721 1163 770 quod
1180 732 1269 757 cum
1283 719 1467 758 dominus
1490 720 1705 758 Edwardus
1726 731 1852 768 nuper

262 789 353 827 Rex
381 787 524 837 Anglie
545 794 657 837 pater
677 785 799 836 Regis
820 799 927 824 nunc
948 783 1057 837 [here
1076 785 1144 823 the
1163 791 1276 834 grant
1296 785 1341 822 of
1365 784 1432 823 the
1451 785 1657 833 Templars
1677 784 1789 821 lands
1808 790 1850 820 to

264 852 333 891 the
363 852 627 902 Hospitallers
657 850 689 889 is
719 858 777 890 set
797 850 900 889 forth
929 849 969 888 in
990 850 1057 888 the
1078 848 1223 887 similar
1243 850 1434 899 language
1454 856 1495 887 to
1517 849 1599 886 that
1619 855 1658 886 at
1678 861 1715 897 p.
1743 845 1848 898 144]‚

265 924 304 956 et
323 917 416 955 licet
436 917 607 966 prefatus
628 923 738 965 pater
758 914 880 965 Regis
900 927 1007 952 nunc
1036 921 1131 952 tunc
1160 913 1383 952 vicecomiti
1412 926 1484 952 suo
1517 912 1737 952 Comitatus
1768 924 1851 961 pre-

265 981 361 1021 dicti
380 980 619 1032 precepisset
640 980 739 1019 sicut
760 979 897 1019 ceteris
917 978 1213 1018 vicecomitibus
1243 978 1352 1028 regni
1381 977 1441 1016 sui
1469 977 1612 1027 pluries
1633 976 1851 1027 preceperit

265 1048 376 1096 quod
397 1046 528 1084 omnia
550 1052 668 1083 terras
689 1052 727 1083 et
757 1051 993 1090 tenementa,
1025 1042 1212 1090 dominia,
1247 1043 1375 1089 feoda,
1413 1041 1666 1081 ecclesiarum
1686 1043 1852 1080 advoca-

264 1112 399 1150 ciones
434 1117 472 1149 et
501 1110 699 1148 libertates
731 1109 907 1159 predicta
937 1108 978 1146 in
1009 1107 1151 1146 balliva
1185 1120 1255 1145 sua
1288 1120 1366 1157 que
1397 1109 1552 1146 fuerunt
1584 1106 1850 1156 predictorum

265 1176 445 1226 Magistri
476 1182 513 1214 et
543 1176 721 1213 Fratrum
752 1173 900 1212 ordinis
931 1172 1081 1210 Milicie
1109 1173 1277 1221 Temple
1306 1171 1346 1210 in
1366 1171 1509 1221 Anglia
1528 1179 1707 1222 tempore
1726 1184 1850 1210 cessa-

263 1241 389 1281 cionis
411 1248 448 1280 et
469 1238 756 1279 adnullacionis
777 1238 1040 1289 predictarum
1062 1237 1102 1275 in
1124 1249 1466 1287 quorumcumque
1495 1237 1677 1275 manibus
1707 1243 1848 1282 essent,

263 1315 343 1346 tarn
378 1306 477 1344 infra
506 1305 706 1343 libertates
741 1317 859 1353 quarn
895 1310 1012 1349 extra,
1049 1302 1133 1340 sine
1168 1301 1364 1340 dilacione
1393 1301 1433 1339 in
1467 1314 1586 1339 manu
1617 1301 1712 1340 dicti
1733 1300 1851 1351 patris

264 1371 385 1422 Regis
406 1383 513 1409 nunc
534 1368 657 1408 seisiri
678 1375 715 1407 et
736 1381 783 1407 ea
803 1375 892 1418 post
912 1366 1142 1416 hujusmodi
1158 1366 1342 1404 seisinam
1356 1365 1518 1405 nomine
1531 1367 1711 1415 ejusdem
1731 1364 1851 1415 patris

264 1444 326 1475 etc
356 1435 530 1474 habitam
563 1433 749 1483 predictis
785 1433 908 1473 Priori
939 1441 978 1472 et
1011 1431 1209 1471 Fratribus
1240 1430 1461 1481 Hospitalis
1500 1430 1654 1469 liberari
1691 1431 1849 1477 faceret,

263 1501 436 1540 tenenda
458 1498 532 1537 sibi
552 1506 591 1537 et
612 1499 904 1538 successoribus
925 1497 1004 1536 suis
1025 1497 1329 1546 imperpetuum,
1351 1495 1456 1534 idem
1478 1502 1613 1533 tamen
1629 1493 1852 1533 vicecomes

263 1565 482 1605 manerium
504 1565 554 1603 de
591 1566 765 1602 Avestan
800 1562 834 1615 [?
847 1560 1070 1614 Alverstan]
1107 1561 1215 1611 quod
1236 1559 1307 1597 fuit
1327 1559 1502 1609 ipsorum
1535 1558 1851 1608 Templariorum

262 1638 442 1680 tempore
461 1628 697 1668 cessacionis
720 1636 757 1667 et
778 1626 1066 1666 adnullacionis
1082 1625 1360 1676 predictarum,
1383 1631 1422 1662 et
1451 1624 1559 1673 quod
1581 1624 1776 1662 Radulfus
1797 1623 1849 1661 de

264 1697 491 1744 Hastynges
527 1695 609 1743 jam
644 1700 763 1739 tenet,
803 1699 845 1730 ut
883 1690 1036 1738 dicitur,
1077 1696 1328 1739 occupatum,
1369 1688 1408 1726 in
1449 1689 1621 1726 favorem
1669 1688 1850 1736 ejusdem

264 1760 439 1806 Radulfi,
461 1758 501 1796 in
534 1770 654 1795 manu
687 1757 807 1806 ipsius
839 1755 956 1806 patris
992 1762 1054 1794 etc
1092 1754 1225 1793 seisire
1256 1761 1294 1792 et
1333 1753 1430 1791 illud
1460 1752 1618 1802 prefatis
1654 1752 1777 1791 Priori
1811 1760 1850 1791 et

265 1824 464 1863 Fratribus
486 1821 706 1873 Hospitalis
726 1822 889 1860 liberare
908 1833 990 1859 non
1019 1819 1177 1865 curavit,
1210 1819 1265 1857 sic
1294 1819 1403 1868 quod
1432 1817 1651 1856 manerium
1680 1817 1776 1855 illud
1797 1817 1852 1856 eis

268 1889 397 1928 taliter
433 1889 566 1927 adhuc
604 1886 801 1926 detinetur
839 1885 880 1923 in
918 1885 1091 1935 ipsorum
1144 1883 1286 1922 Prioris
1324 1890 1362 1921 et
1407 1884 1584 1920 Fratrum
1633 1881 1853 1931 Hospitalis

271 1955 491 2003 dampnum
525 1965 607 1991 non
645 1951 848 1989 modicum
887 1958 925 1988 et
963 1961 1172 1999 gravamen
1202 1955 1240 1986 et
1269 1954 1407 1985 contra
1435 1948 1602 1985 formam
1642 1945 1776 1985 statuti
1814 1953 1852 1984 et

268 2017 445 2057 mandati
473 2015 737 2067 predictorum
754 2030 764 2064 3
795 2015 849 2053 ita
879 2015 988 2064 quod
1018 2015 1176 2063 loquela
1208 2012 1273 2050 illa
1303 2019 1398 2050 tunc
1427 2019 1528 2050 esset
1557 2011 1611 2049 ibi
1649 2010 1689 2049 in
1710 2011 1853 2049 eodem

267 2091 369 2122 statu
389 2083 429 2121 in
451 2095 531 2132 quo
552 2081 624 2120 fuit
653 2081 693 2119 in
722 2082 871 2130 prefata
901 2078 1020 2119 Curia
1048 2079 1169 2128 Regis
1199 2090 1331 2116 eoram
1360 2077 1447 2127 ipso
1478 2078 1588 2126 Rege
1618 2076 1658 2114 in
1689 2075 1853 2115 Octabis

267 2150 410 2188 Sancte
448 2146 649 2185 Trinitatis
686 2159 793 2184 anno
826 2145 935 2195 regni
969 2144 1089 2193 Regis
1124 2156 1231 2181 nunc
1264 2142 1407 2192 Anglie
1437 2141 1625 2180 vicesimo
1659 2148 1697 2179 et
1726 2140 1854 2190 primo

267 2214 429 2263 quando
467 2212 627 2261 loquela
663 2210 728 2248 illa
765 2209 953 2248 remansit
984 2209 1068 2247 sine
1102 2208 1168 2247 die
1199 2221 1247 2246 eo
1286 2208 1395 2257 quod
1428 2207 1626 2256 predictus
1658 2207 1854 2245 Radulfus

853 2355 1125 2401 Michaelmas,
1154 2368 1169 2391 1
1178 2355 1266 2403 348.

322 2444 411 2482 The
431 2441 576 2483 Sheriff
599 2455 675 2480 was
707 2440 885 2480 directed
905 2448 946 2480 to
981 2453 1165 2479 summon
1200 2439 1259 2479 Sir
1293 2440 1425 2489 Ralph
1462 2438 1652 2489 Hastings
1686 2446 1727 2478 to
1761 2440 1856 2479 hear

270 2509 498 2558 judgments
518 2506 559 2544 in
579 2507 647 2545 the
666 2506 798 2544 action
827 2507 1004 2544 between
1033 2504 1194 2543 himself
1217 2504 1296 2543 and
1316 2505 1383 2542 the
1413 2503 1523 2542 Prior
1542 2505 1588 2542 of
1612 2505 1665 2542 St.
1687 2505 1794 2553 John
1815 2506 1861 2543 of

270 2573 496 2622 Jerusalem,
519 2571 606 2609 who
626 2571 795 2609 claimed
814 2571 898 2609 that
918 2570 1108 2620 although
1131 2568 1240 2617 King
1262 2569 1431 2607 Edward
1451 2569 1506 2607 ΙΙ.
1529 2568 1608 2606 had
1629 2569 1792 2618 granted
1813 2576 1855 2608 to

273 2638 341 2676 the
362 2635 535 2686 Knights
558 2635 820 2685 Hospitallers
840 2635 890 2673 all
918 2635 986 2673 the
1014 2635 1126 2672 lands
1156 2633 1283 2672 which
1301 2634 1482 2682 formerly
1501 2633 1698 2682 belonged
1718 2640 1759 2671 to
1788 2634 1856 2672 the

270 2702 487 2750 Templars,
509 2701 589 2738 and
609 2700 688 2738 had
717 2699 893 2738 directed
923 2700 991 2737 the
1024 2698 1169 2737 Sheriff
1194 2699 1240 2737 of
1262 2698 1486 2745 Yorkshire,
1518 2711 1560 2736 as
1595 2699 1679 2737 well
1712 2710 1754 2736 as
1787 2699 1855 2737 the

270 2768 382 2805 other
397 2765 568 2812 Sheriffs,
586 2771 626 2803 to
648 2763 751 2803 seize
771 2765 850 2802 and
872 2763 1019 2803 deliver
1039 2770 1080 2802 to
1101 2764 1167 2802 the
1188 2762 1298 2801 Prior
1317 2763 1369 2801 all
1383 2763 1450 2801 the
1470 2763 1594 2810 lands,
1617 2769 1852 2810 tenements,

270 2832 490 2876 demesnes,
512 2831 604 2876 fees,
635 2829 879 2875 advowsons,
914 2828 994 2866 and
1027 2826 1199 2866 liberties
1230 2825 1356 2865 which
1384 2827 1566 2876 formerly
1595 2826 1793 2876 belonged
1813 2834 1855 2865 to

270 2896 338 2934 the
357 2895 563 2944 Templars
583 2894 719 2932 before
739 2892 838 2931 their
858 2891 1121 2942 suppression,
1152 2904 1205 2930 no
1235 2899 1375 2930 matter
1402 2891 1442 2929 in
1462 2892 1593 2930 whose
1613 2892 1740 2930 hands
1762 2892 1856 2941 they

269 2959 394 3009 might
414 2959 475 3006 be,
496 2965 561 3008 yet
594 2959 660 2997 the
681 2957 827 2997 Sheriff
850 2963 919 2996 out
954 2957 1000 2994 of
1023 2958 1158 2995 favour
1183 2957 1243 2994 for
1269 2955 1328 2995 Sir
1355 2957 1488 3006 Ralph
1514 2956 1584 2994 has
1614 2955 1743 2995 seized
1775 2956 1855 2994 and

270 3022 470 3062 delivered
489 3029 530 3060 to
550 3023 616 3061 the
637 3021 748 3060 Prior
782 3022 849 3061 the
871 3022 1016 3060 Manor
1044 3021 1090 3060 of
1113 3021 1322 3068 Allerston,
1344 3020 1470 3060 which
1490 3020 1522 3060 is
1551 3033 1640 3060 now
1660 3019 1856 3071 occupied
