2044 3491
787 217 1023 250 COUCHER
1056 219 1200 252 BOOK.
1716 222 1789 266 171

205 316 349 356 Coram
370 315 482 365 Rege
502 315 597 353 Roll
616 314 743 353 above
763 315 934 354 referred
956 323 1008 363 to,
1031 315 1170 364 which,
1192 318 1290 355 after
1309 316 1473 368 reciting
1502 318 1569 357 the
1602 320 1791 369 proceed-

204 381 290 430 ings
310 387 350 419 at
371 379 590 429 Pickering‚
612 379 821 418 continues
842 379 882 417 in
904 382 1015 419 these
1036 383 1183 435 words]
1202 397 1265 420 :—

257 446 322 483 Ad
343 458 460 495 quem
482 445 588 483 diem
619 458 752 482 coram
783 443 947 482 domino
977 447 1089 495 Rege
1120 445 1228 484 venit
1262 445 1461 496 predictus
1495 446 1693 485 Henricus
1722 460 1792 497 per

203 510 428 559 Johannem
449 510 498 548 de
535 509 722 560 Kyrkeby
742 516 981 547 attornatum
1017 523 1141 558 suum,
1176 518 1214 550 et
1245 512 1360 550 datus
1390 518 1448 550 est
1480 510 1516 550 ei
1545 511 1629 550 dies
1658 525 1790 551 coram

204 574 369 613 domino
414 577 525 624 Rege
563 588 586 612 a
624 574 688 613 die
736 573 869 612 Sancti
903 574 1059 613 Hillarii
1088 575 1128 613 in
1156 590 1206 613 xv
1249 575 1333 615 dies
1363 575 1606 626 ubicumque
1635 585 1706 615 etc.
1741 578 1792 616 de

203 639 404 678 audiendo
439 639 532 678 inde
568 638 721 688 judicio
760 652 841 677 suo.
902 640 967 677 Ad
1003 652 1121 690 quem
1161 639 1267 679 diem
1306 653 1437 679 coram
1476 640 1641 679 domino
1680 643 1792 691 Rege

204 702 312 742 venit
340 703 539 753 predictus
570 702 771 741 Henricus
801 703 840 740 in
870 703 1026 753 propria
1047 717 1214 754 persona
1243 718 1323 753 sua,
1347 712 1385 744 et
1414 705 1510 755 petit
1541 706 1650 755 quod
1678 706 1795 755 Justi-

206 768 314 806 clarii
334 767 397 805 hic
426 768 645 818 procedant
665 769 716 806 ad
742 767 935 817 judicium
965 768 1058 807 inde
1088 770 1336 808 reddendum
1368 771 1585 808 secundum
1615 778 1793 809 tenorem

206 832 393 871 veredicti
413 831 588 882 predicti.
650 834 701 870 Et
722 846 839 882 super
858 833 935 871 hoc
955 833 1045 871 visis
1066 840 1105 872 et
1125 833 1355 872 examinatis
1385 834 1542 873 clameis
1563 848 1609 873 ac
1628 836 1795 874 recordo

207 905 246 937 et
266 911 451 947 processu
473 896 659 947 predictis
680 903 718 935 et
752 897 888 935 habito
909 897 1003 936 inde
1031 905 1198 937 tractatu
1232 906 1271 938 et
1305 899 1483 949 diligenti
1514 899 1796 939 diliberacione

208 976 297 1001 curn
321 961 578 1008 Cancellario,
600 962 873 1009 Thesaurario,
909 962 1141 1012 Justiciariis
1173 971 1212 1003 et
1245 963 1330 1002 aliis
1364 965 1415 1003 de
1446 964 1611 1003 consilio
1645 964 1798 1003 domini

209 1027 341 1077 Regis,
363 1028 472 1077 quod
501 1026 592 1064 licet
612 1034 791 1076 tempore
812 1026 964 1065 domini
986 1028 1169 1067 Edwardi
1190 1029 1394 1078 quondam
1416 1028 1537 1079 Regis
1557 1029 1712 1079 Anglie,
1734 1029 1796 1067 avi

208 1091 361 1131 domini
383 1091 505 1141 Regis
537 1104 655 1139 nunc,
678 1104 760 1142 quo
788 1099 967 1141 tempore
987 1092 1165 1142 predicta
1197 1094 1341 1132 foresta
1362 1093 1432 1131 fuit
1462 1093 1501 1131 in
1523 1107 1642 1132 manu
1672 1093 1795 1144 ipsius

208 1155 270 1194 avi
290 1155 442 1194 domini
474 1156 594 1205 Regis
624 1169 741 1203 nune,
773 1163 1078 1206 transgressores
1100 1157 1169 1206 qui
1197 1157 1368 1195 convicti
1389 1166 1498 1197 erant
1520 1159 1570 1197 de
1605 1158 1796 1208 capcione

209 1220 471 1271 capriolorum
493 1222 670 1258 fecerunt
691 1221 812 1258 finem
833 1233 904 1269 pro
925 1221 1233 1271 transgressione
1252 1222 1480 1261 venacionis
1509 1224 1663 1271 foreste,
1682 1230 1798 1273 prout

209 1299 278 1336 per
298 1286 507 1324 recordum
528 1284 696 1332 predicti
717 1287 763 1322 W
767 1285 902 1323 illelmi
922 1286 973 1324 de
993 1288 1122 1336 Vescy
1144 1294 1182 1325 et
1202 1287 1399 1325 sociorum
1423 1300 1584 1325 suorum
1607 1295 1664 1326 est
1693 1301 1798 1326 com-

210 1357 375 1400 pertum,
397 1349 553 1388 videtur
586 1355 719 1387 tamen
749 1349 980 1398 Justiciariis
1012 1349 1077 1388 hic
1114 1358 1151 1389 et
1185 1351 1352 1390 consilio
1373 1351 1526 1390 domini
1547 1352 1668 1402 Regis
1689 1352 1798 1402 quod

210 1414 372 1464 caprioli
394 1421 483 1452 sunt
504 1413 628 1452 bestie
650 1414 700 1452 de
721 1427 902 1452 warenna
923 1421 960 1452 et
981 1427 1062 1451 non
1083 1415 1133 1453 de
1154 1416 1307 1462 foresta,
1331 1428 1379 1454 eo
1400 1417 1510 1465 quod
1535 1417 1672 1465 fugant
1703 1415 1798 1454 alias

210 1481 309 1518 feras
330 1480 381 1517 de
401 1480 546 1517 foresta
563 1493 573 1526 ;
603 1485 641 1517 et
662 1491 710 1517 ex
730 1491 810 1528 quo
831 1484 1076 1526 compertum
1111 1484 1170 1515 est
1201 1490 1270 1527 per
1302 1477 1543 1516 veredictum
1578 1477 1800 1528 predictum

212 1545 321 1595 quod
335 1543 535 1594 predictus
558 1543 759 1582 Henricus
781 1544 831 1582 de
853 1545 975 1590 Percy
997 1547 1035 1579 et
1055 1554 1194 1580 omnes
1215 1549 1485 1580 antecessores
1519 1542 1578 1580 sui
1616 1549 1796 1580 tenentes

212 1607 430 1646 manerium
452 1610 503 1646 de
524 1609 684 1646 Semere
703 1621 726 1646 a
747 1615 923 1657 tempore
953 1619 1033 1656 quo
1067 1619 1150 1645 non
1178 1614 1283 1646 extat
1312 1606 1502 1645 memoria
1522 1614 1560 1646 et
1581 1607 1666 1646 sine
1685 1606 1800 1646 inter-

211 1673 400 1724 rupcione
420 1673 580 1723 aliquali
602 1674 832 1723 fugaverunt
868 1672 906 1710 in
939 1671 1070 1710 boscis
1103 1671 1182 1710 suis
1211 1672 1379 1723 predicti
1406 1671 1570 1711 manerii
1599 1679 1679 1710 tam
1700 1671 1800 1710 infra

212 1745 445 1787 coopertum
476 1751 595 1787 quam
628 1745 746 1785 extra,
779 1745 818 1776 et
848 1744 1039 1787 ceperunt
1072 1737 1267 1787 capriolos
1299 1750 1371 1787 pro
1411 1739 1615 1776 voluntate
1643 1750 1724 1784 sua,
1761 1743 1800 1776 et

213 1802 338 1841 eciam
359 1804 583 1841 habuerunt
617 1803 658 1841 in
687 1802 817 1841 boscis
852 1802 930 1840 suis
960 1802 1140 1852 ejusdem
1176 1801 1341 1841 manerii
1374 1802 1664 1841 wodewardum
1685 1814 1801 1840 suum

213 1874 437 1917 portantem
459 1880 592 1906 arcum
623 1875 662 1906 et
693 1867 852 1917 sagittas
887 1868 939 1905 ad
969 1865 1280 1917 presentandum
1314 1865 1578 1914 presentanda
1607 1864 1658 1902 de
1686 1876 1804 1902 vena-

214 1931 330 1970 cione
350 1939 514 1979 tantum,
538 1938 576 1970 et
597 1945 679 1970 non
715 1939 772 1970 est
804 1939 1052 1981 compertum
1087 1930 1127 1968 in
1162 1930 1306 1968 eodem
1336 1929 1535 1968 veredicto
1565 1929 1676 1979 quod
1696 1927 1803 1966 idern

215 1997 481 2035 wodewardus
528 1996 700 2046 aliquam
749 1997 1067 2035 destruccionem
1115 1995 1282 2033 ferarum
1331 1995 1510 2043 ejusdem
1559 1995 1702 2032 foreste
1740 1999 1807 2031 aut

214 2060 379 2111 aliquod
400 2061 507 2099 aliud
537 2062 684 2099 malurn
719 2060 759 2098 in
792 2061 931 2099 eadem
963 2061 1107 2098 foresta
1144 2058 1248 2105 fecit,
1283 2057 1376 2097 ideo
1411 2057 1559 2096 dictum
1589 2064 1647 2096 est
1677 2056 1807 2096 eidem

217 2125 397 2164 Henrico
418 2126 529 2176 quod
545 2133 608 2164 eat
628 2125 721 2164 inde
742 2124 827 2163 sine
848 2124 912 2163 die
933 2125 1041 2163 salvo
1060 2125 1147 2173 jure
1168 2130 1241 2161 ete.

216 2264 355 2310 hands,
377 2262 524 2301 certain
545 2263 740 2301 offenders
761 2262 848 2300 who
868 2262 947 2299 had
966 2262 1068 2300 been
1090 2258 1300 2298 convicted
1321 2260 1366 2297 of
1380 2257 1515 2308 taking
1547 2270 1634 2297 roes
1667 2257 1708 2295 in
1739 2258 1807 2296 the

217 2329 335 2366 forest
355 2340 454 2366 were
474 2328 580 2366 fined
600 2328 660 2366 for
679 2326 886 2377 poaching,
909 2339 951 2364 as
971 2337 1135 2374 appears
1170 2325 1220 2374 by
1255 2324 1322 2362 the
1355 2323 1447 2361 rolls
1482 2324 1527 2361 of
1555 2321 1725 2360 William
1755 2322 1807 2360 de

217 2394 346 2442 Vescy
366 2393 445 2431 and
466 2392 524 2431 his
546 2393 703 2438 fellows,
725 2398 789 2442 yet
815 2391 844 2429 it
874 2403 1039 2441 appears
1072 2396 1114 2428 to
1148 2389 1215 2427 the
1247 2387 1418 2438 Justices
1453 2388 1532 2426 and
1565 2387 1632 2426 the
1667 2386 1808 2437 King’s

219 2457 387 2496 Council
407 2458 490 2495 that
509 2470 596 2496 roes
616 2470 681 2496 are
700 2458 832 2495 beasts
863 2457 909 2494 of
931 2456 998 2494 the
1027 2467 1184 2502 warren,
1207 2460 1278 2492 not
1313 2455 1358 2491 of
1386 2453 1453 2491 the
1487 2453 1617 2500 forest,
1639 2451 1810 2490 because

218 2522 309 2571 they
330 2522 379 2571 fly
399 2522 499 2560 from
533 2522 646 2560 other
674 2522 804 2560 beasts
835 2521 880 2559 of
904 2521 970 2558 the
999 2531 1155 2558 warren.
1214 2517 1355 2568 Again,
1377 2517 1485 2556 since
1515 2516 1545 2554 it
1578 2529 1654 2554 was
1682 2516 1810 2554 found

218 2586 269 2636 by
289 2586 355 2625 the
375 2585 522 2624 verdict
543 2587 626 2624 that
648 2587 787 2635 Henry
804 2586 854 2624 de
875 2587 998 2633 Percy
1017 2584 1096 2622 and
1116 2584 1165 2621 all
1187 2583 1246 2621 his
1266 2590 1466 2621 ancestors
1501 2580 1612 2620 while
1644 2579 1807 2630 holding

219 2651 286 2688 the
306 2663 444 2688 manor
464 2651 509 2688 of
525 2652 684 2689 Seamer
704 2651 803 2688 from
823 2649 918 2688 time
939 2647 1198 2687 immemorial
1232 2648 1311 2686 and
1342 2647 1505 2685 without
1535 2644 1806 2695 interruption,

220 2715 319 2753 have
339 2715 490 2754 hunted
512 2715 551 2752 in
571 2714 632 2753 his
652 2715 788 2753 woods
808 2715 854 2752 of
878 2715 945 2752 the
978 2725 1117 2751 manor
1146 2726 1188 2751 as
1222 2713 1308 2751 well
1342 2711 1474 2750 within
1507 2711 1575 2749 the
1606 2716 1739 2748 covert
1767 2723 1809 2748 as

219 2777 393 2824 without,
416 2779 496 2817 and
516 2779 634 2817 taken
654 2791 742 2817 roes
762 2785 801 2816 at
821 2779 1011 2828 pleasure,
1033 2778 1113 2815 and
1143 2778 1227 2815 also
1261 2777 1341 2815 had
1374 2789 1396 2815 a
1430 2775 1652 2815 woodward
1681 2774 1721 2812 in
1749 2773 1810 2812 his

220 2843 355 2881 woods
377 2843 422 2880 of
435 2843 502 2881 the
522 2856 630 2882 same
652 2856 789 2882 manor
808 2842 984 2892 carrying
1003 2855 1026 2880 a
1046 2843 1132 2881 bow
1152 2843 1232 2881 and
1251 2855 1392 2881 arrows
1412 2849 1452 2880 to
1465 2847 1623 2891 present
1638 2840 1809 2878 offences

220 2907 266 2945 of
280 2906 445 2945 venison
465 2907 567 2956 only,
590 2907 670 2945 and
689 2907 718 2945 it
739 2920 815 2945 was
836 2914 906 2945 not
926 2908 1049 2945 found
1069 2908 1152 2945 that
1172 2908 1240 2946 the
1259 2906 1480 2945 woodward
1500 2905 1579 2943 had
1599 2904 1810 2954 destroyed

220 2971 287 3009 the
307 2983 420 3024 garne
441 2984 484 3009 or
499 2972 604 3010 done
624 2984 700 3021 any
720 2972 832 3010 other
851 2970 926 3010 evil
947 2971 987 3009 in
1007 2972 1074 3010 the
1105 2972 1235 3019 forest,
1263 2971 1330 3009 the
1359 2969 1495 3008 claims
1524 2981 1589 3007 are
1617 2968 1812 3007 therefore

221 3036 397 3074 allowed.
