2044 3491
241 198 324 250 156
606 203 781 237 DUCHY
812 202 875 235 OF
906 200 1201 234 LANCASTER
1232 197 1468 231 RECORDS.

237 305 455 344 earundem
477 303 670 352 villarum,
693 310 732 342 et
763 315 834 353 pro
855 315 908 349 se,
931 299 1160 339 hominibus
1181 306 1219 338 et
1239 296 1465 337 tenentibus
1487 294 1566 334 suis
1596 295 1647 333 de
1675 294 1836 344 Wylton

235 370 278 408 in
314 371 484 420 Wyhon,
509 377 547 408 et
581 382 652 419 pro
688 381 741 415 se,
777 366 1004 406 hominibus
1036 372 1075 404 et
1106 363 1333 403 tenentibus
1367 361 1447 400 suis
1480 362 1531 399 de
1563 361 1762 398 Allerstan
1795 359 1837 397 in

239 436 450 482 Allerstan,
486 441 526 473 et
559 447 630 484 pro
665 446 718 480 se,
753 431 980 471 hominibus
1012 437 1050 469 et
1077 429 1304 468 tenentibus
1339 426 1419 465 suis
1451 427 1502 464 de
1540 426 1767 463 Edbreston
1797 423 1838 461 in

238 501 466 539 Edbreston
487 501 638 549 absque
667 499 801 548 aliquo
834 498 927 536 inde
949 497 1084 535 dando
1101 510 1111 543 3
1140 502 1179 534 et
1199 507 1270 544 pro
1306 505 1359 540 se,
1381 489 1610 530 hominibus
1633 497 1671 528 et
1701 497 1838 528 tenen-

238 564 344 604 tibus
365 564 444 603 suis
465 565 516 603 de
537 564 770 612 Farmanby,
794 562 1006 612 Kynthorp
1027 568 1064 599 et
1086 559 1295 598 Ellerburn
1316 570 1401 596 esse
1423 555 1547 606 quieti
1568 556 1618 594 de
1638 554 1837 604 pannagio

238 637 417 679 tempore
439 627 622 678 pannagii
639 643 649 677 3
679 635 717 666 et
738 640 808 677 pro
830 639 871 665 se
892 632 931 664 et
951 624 1179 663 hominibus
1201 624 1280 662 suis
1301 624 1352 661 de
1382 623 1588 668 Allerstan,
1613 627 1650 658 et
1681 632 1753 669 pro
1783 632 1837 666 se,

241 694 470 733 hominibus
491 693 570 732 suis
591 700 630 732 et
651 690 877 730 tenentibus
898 691 948 729 de
970 690 1195 727 Edbreston
1216 687 1257 726 in
1277 686 1407 726 boscis
1421 693 1459 724 et
1482 685 1600 723 moris
1621 685 1838 723 earundem

241 759 432 805 villarum,
455 765 493 797 et
514 771 584 808 pro
619 770 672 804 56,
694 755 922 795 hominibus
938 761 976 794 et
1010 753 1238 806 tenentibus
1267 752 1346 791 suis
1376 753 1427 790 de
1462 751 1696 799 Farmanby,
1730 750 1839 798 Kyn-

241 825 371 873 thorp‚
394 823 614 870 Ellerburn,
636 821 796 868 Wilton,
820 822 1017 859 Allerstan
1039 827 1077 858 et
1098 820 1324 858 Edbreston
1345 830 1430 856 esse
1451 815 1573 866 quieti
1602 816 1654 853 de
1683 813 1840 864 expedi-

241 888 400 927 tacione
421 901 562 926 canum
586 894 623 926 et
644 894 786 937 putura
807 884 984 924 omniurn
1008 883 1274 922 ministrorum
1294 884 1438 921 foreste
1467 882 1518 920 de
1549 880 1743 930 Pikeryng
1764 878 1838 929 (et)

240 953 378 991 dicunt
398 953 508 1003 quod
528 951 711 991 dominus
727 950 926 989 Henricus
941 949 1145 999 quondam
1163 950 1251 987 Rex
1266 946 1420 997 Anglie,
1439 944 1667 995 progenitor
1683 942 1841 982 domini

241 1016 364 1067 Regis
386 1030 493 1054 nunc
513 1015 623 1055 dedit
644 1023 682 1054 et
702 1013 899 1053 concessit
916 1015 1062 1052 Sancto
1084 1014 1200 1050 Petro
1221 1019 1259 1051 et
1280 1013 1326 1050 G.
1351 1010 1667 1060 Archiepiscopo
1690 1010 1841 1046 Ebora-

243 1081 353 1120 censi
373 1081 558 1120 ecclesias
580 1082 630 1119 de
660 1081 945 1129 Pokelyngton,
970 1078 1157 1124 Duffield,
1191 1078 1352 1126 Kylum,
1385 1074 1604 1125 Pikerying,
1639 1074 1771 1124 Burgh
1801 1080 1840 1112 et

244 1147 376 1195 Snayd
397 1159 489 1184 cum
510 1146 695 1185 omnibus
717 1145 796 1183 suis
818 1143 989 1194 capellis,
1013 1141 1368 1181 consuetudinibus
1390 1148 1426 1179 et
1448 1141 1521 1179 sok
1542 1147 1579 1178 et
1601 1140 1669 1178 sak
1689 1140 1742 1177 ad
1771 1150 1838 1177 eas

244 1211 539 1261 pertinentibus,
601 1212 651 1249 Et
672 1209 846 1260 precepit
862 1209 972 1259 quod
989 1207 1153 1246 ecclesie
1170 1206 1347 1256 predicte
1365 1212 1495 1244 essent
1516 1204 1649 1255 quiete
1666 1212 1704 1243 et
1720 1204 1841 1242 libere

244 1275 286 1314 in
306 1276 489 1314 omnibus
518 1277 634 1314 rebus
667 1282 705 1313 et
734 1272 1091 1313 consuetudinibus
1119 1279 1161 1310 ut
1183 1273 1350 1310 Sanctus
1382 1272 1521 1309 Petrus
1557 1268 1839 1320 perpetualiter

242 1347 375 1379 teneat
404 1339 508 1390 ipsas
538 1339 723 1379 ecclesias
759 1339 922 1389 quietas,
945 1339 1091 1376 solutas
1121 1344 1160 1375 et
1180 1336 1320 1375 liberas
1350 1337 1400 1375 ab
1434 1335 1544 1374 omni
1574 1334 1739 1373 servicio
1771 1347 1840 1384 per

245 1412 393 1444 cartam
414 1418 524 1443 suam
547 1418 664 1455 quam
686 1404 749 1443 hic
770 1406 916 1454 profert
936 1410 974 1442 et
994 1416 1072 1453 que
1091 1403 1169 1440 hoc
1189 1408 1360 1440 testatur.
1420 1400 1579 1438 Virtute
1600 1400 1713 1448 cujus
1744 1398 1843 1438 doni

244 1469 443 1520 predictus
475 1471 523 1509 G.
554 1469 885 1520 Archiepiscopus
919 1467 1074 1518 quietus
1101 1466 1173 1505 fuit
1208 1467 1258 1505 de
1291 1465 1499 1516 pmnagio,
1535 1463 1840 1514 expeditacione

247 1548 391 1573 canum
411 1541 450 1574 et
471 1542 612 1585 putura
633 1534 811 1573 omnium
833 1533 1113 1580 ministrorum,
1137 1539 1175 1571 et
1195 1531 1332 1570 habuit
1353 1544 1610 1570 communam
1639 1537 1840 1580 pasturam

248 1612 320 1650 pro
340 1613 393 1647 se,
416 1599 643 1638 hominibus
664 1606 702 1638 et
723 1598 947 1638 tenentibus
965 1598 1043 1637 suis
1058 1596 1243 1648 predictis
1259 1596 1297 1634 in
1319 1595 1449 1643 moris,
1465 1595 1595 1634 boscis
1617 1603 1654 1634 et
1674 1594 1842 1645 pasturis

247 1672 437 1715 tanquam
472 1665 764 1715 dependentem
799 1671 899 1703 terre
919 1663 960 1701 in
990 1662 1140 1702 eisdem
1174 1661 1286 1700 villis.
1349 1663 1399 1699 Et
1429 1660 1567 1699 dicunt
1599 1661 1710 1710 quod
1739 1661 1843 1698 facta

247 1728 678 1780 permutacioneinter
711 1728 934 1779 predictum
969 1727 1323 1777 Archiepiscopum
1363 1733 1401 1765 et
1432 1732 1528 1764 tunc
1565 1727 1774 1763 Decanum
1805 1732 1843 1763 et

249 1794 478 1844 Capitulum
504 1795 753 1832 Eboracense
773 1793 824 1832 de
844 1791 1011 1831 ecclesia
1031 1792 1081 1831 de
1104 1791 1298 1841 Pikeryng
1321 1790 1495 1841 predicta
1524 1803 1595 1840 pro
1616 1790 1701 1828 31115
1731 1789 1841 1828 terris

250 1866 289 1897 et
310 1857 559 1905 tenementis,
581 1858 700 1897 iidem
725 1860 911 1896 Decanus
933 1864 971 1895 et
992 1856 1220 1907 Capitulum
1242 1869 1312 1906 pro
1333 1868 1386 1903 se,
1401 1854 1630 1893 hominibus
1647 1862 1685 1893 et
1706 1861 1842 1893 tenen-

249 1923 354 1961 tibus
389 1922 573 1973 predictis
594 1931 689 1961 tunc
727 1922 916 1972 temporis
950 1929 988 1960 et
1020 1934 1158 1960 omnes
1199 1920 1353 1959 Decani
1387 1919 1553 1959 ecclesie
1592 1919 1770 1969 predicte
1804 1925 1843 1957 et

250 1986 480 2037 Capitulum
513 2001 536 2026 a
557 1995 735 2037 tempore
766 1986 958 2037 predicto,
981 1994 1020 2025 et
1040 1985 1114 2036 ipsi
1149 1985 1326 2024 similiter
1355 1998 1426 2035 pro
1458 1998 1510 2032 se,
1543 1984 1771 2023 hominibus
1804 1991 1842 2022 et

251 2052 479 2091 tenentibus
514 2051 593 2090 suis
625 2052 809 2102 predictis
830 2051 971 2090 virtute
992 2058 1097 2089 carte
1117 2050 1293 2100 predicte
1326 2049 1450 2100 quieti
1484 2051 1641 2088 fuerunt
1671 2050 1722 2087 de
1751 2061 1844 2098 pan-

251 2116 379 2167 nagio,
402 2117 702 2167 expeditacione
722 2130 865 2155 canum
887 2124 925 2155 et
946 2123 1088 2166 putura
1107 2115 1374 2153 ministrorum
1388 2114 1430 2152 in
1443 2113 1542 2152 villis
1560 2112 1756 2163 predictis
1792 2114 1844 2151 Et

251 2182 474 2221 habuerunt
494 2195 748 2221 communam
770 2188 927 2231 pasture
947 2188 990 2219 ut
1010 2179 1187 2230 superius
1207 2186 1384 2218 asserunt
1405 2180 1556 2228 absque
1585 2178 1720 2228 aliquo
1750 2177 1844 2216 inde

256 2247 391 2285 dando
423 2254 611 2296 tanquam
651 2246 945 2296 dependentem
983 2252 1083 2283 terre
1122 2257 1191 2283 sue
1225 2243 1265 2281 in
1299 2243 1398 2282 villis
1428 2242 1623 2293 predictis.
1684 2243 1735 2280 Et
1769 2243 1846 2280 hoc

254 2310 378 2361 parati
398 2318 487 2349 sunt
506 2310 706 2349 verificare
726 2323 795 2360 per
814 2309 1014 2347 ministros
1034 2310 1187 2347 foreste.

309 2377 361 2414 Et
399 2376 533 2425 quoad
572 2375 800 2413 habendum
839 2387 910 2423 pro
954 2386 1006 2420 se,
1047 2371 1276 2411 hominibus
1314 2379 1353 2411 et
1391 2371 1618 2411 tenentibus
1659 2371 1738 2410 suis
1792 2372 1844 2410 de

255 2504 336 2543 and
357 2503 493 2543 Snaith
513 2503 605 2542 with
640 2503 741 2542 their
761 2503 932 2552 chapels,
955 2508 1129 2540 customs
1158 2501 1238 2539 and
1265 2500 1548 2550 jurisdictions,
1572 2500 1612 2538 in
1633 2499 1761 2538 which
1791 2500 1842 2538 he

257 2568 434 2607 directed
453 2569 537 2606 that
557 2569 653 2606 such
675 2567 866 2605 churches
887 2579 986 2605 were
1006 2573 1048 2605 to
1068 2568 1118 2605 be
1139 2566 1223 2616 quit
1243 2567 1323 2604 and
1344 2568 1421 2605 free
1442 2566 1483 2604 in
1503 2567 1554 2604 all
1575 2573 1733 2604 matters
1763 2565 1844 2603 and

256 2640 444 2680 customs,
480 2646 524 2671 so
558 2633 641 2671 that
671 2633 738 2671 the
769 2631 917 2670 church
951 2632 996 2669 of
1033 2632 1085 2669 St.
1124 2633 1240 2670 Peter
1273 2630 1398 2681 might
1431 2632 1492 2669 for
1525 2643 1614 2669 ever
1652 2630 1749 2668 hold
1778 2630 1846 2668 the

257 2698 450 2736 churches
471 2697 566 2747 quit,
589 2697 766 2736 released
786 2697 865 2735 and
885 2697 964 2735 free
985 2696 1030 2734 of
1044 2696 1095 2734 all
1116 2695 1273 2734 service.
1332 2696 1421 2734 The
1442 2696 1546 2734 deed
1567 2694 1598 2733 is
1627 2694 1842 2744 produced.

256 2763 316 2812 By
335 2760 460 2800 virtue
481 2763 526 2800 of
549 2761 625 2800 this
645 2768 756 2811 grant
777 2760 1029 2809 Archbishop
1050 2760 1201 2799 Gerard
1221 2772 1297 2798 was
1319 2759 1403 2809 quit
1424 2761 1468 2798 of
1493 2772 1684 2809 pannage,
1706 2757 1846 2808 lawing

258 2827 304 2864 of
326 2826 424 2876 dogs
444 2826 523 2864 and
542 2832 682 2875 puture
702 2826 748 2863 of
769 2825 820 2862 all
847 2825 914 2863 the
948 2825 1099 2863 officers
1134 2825 1178 2862 of
1208 2825 1275 2862 the
1309 2825 1441 2871 forest,
1465 2825 1545 2863 and
1575 2823 1748 2873 enjoyed
1776 2823 1844 2861 the

258 2902 444 2928 common
464 2890 509 2927 of
533 2895 687 2939 pasture
705 2887 872 2927 claimed
892 2889 1018 2927 above
1037 2901 1079 2926 as
1107 2896 1370 2938 appurtenant
1391 2896 1432 2927 to
1461 2888 1522 2926 his
1542 2889 1637 2927 land
1657 2887 1698 2925 in
1727 2887 1842 2926 those

260 2952 483 3003 townships.
542 2953 777 2992 Asterwards
797 2953 864 2991 the
885 2952 1135 3002 Archbishop
1157 2953 1386 3003 exchanged
1407 2952 1498 2991 with
1528 2953 1595 2991 the
1618 2953 1732 2990 Dean
1763 2951 1845 2990 and

263 3018 437 3067 Chapter
456 3019 522 3057 the
543 3019 689 3057 church
710 3018 755 3056 of
779 3016 986 3067 Pickering
1007 3018 1065 3056 for
1086 3017 1197 3056 other
1217 3018 1342 3065 lands,
1366 3017 1446 3056 and
1467 3018 1559 3066 they
1579 3029 1644 3055 are
1663 3016 1783 3066 ready
1804 3022 1846 3055 to
