2044 3491
734 257 969 289 couanR
1003 255 1145 287 BOOK.
1686 256 1738 296 33

203 353 307 392 Item
341 359 566 403 presentant
587 354 696 403 quod
730 353 835 391 idem
865 353 1070 402 Johannes
1100 353 1168 402 qui
1200 352 1298 391 obiit
1319 351 1423 401 cepit
1445 352 1483 390 in
1505 352 1736 390 Gotheland

146 425 315 466 quatuor
343 432 510 469 quercus
543 418 641 456 infra
674 417 918 456 dominicum
955 417 1074 467 precii
1105 417 1165 467 ijd‚
1188 418 1296 456 unde
1323 417 1444 455 iidem
1477 416 1675 455 Galsridus
1697 422 1735 454 et

148 482 347 521 Galsridus
379 497 448 533 pro
482 483 615 533 precio
649 481 763 521 viridi
796 482 963 532 predicti
994 483 1263 532 respondeant
1303 489 1341 520 et
1379 494 1451 531 pro
1491 480 1735 519 forisfactura

146 547 329 595 ejusdem
349 548 401 597 ijs.

203 614 306 650 Item
341 620 569 662 presentant
594 613 709 663 'quod
742 612 960 650 Willelmus
991 613 1115 662 Sharp
1148 613 1198 650 de
1229 613 1476 661 Aleyntoftes
1511 609 1734 649 forestarius

146 678 199 716 de
237 679 484 728 Aleyntoftes
521 678 590 729 qui
629 677 726 716 obiit
763 677 972 728 prostravit
1010 678 1211 727 quandam
1253 677 1416 715 viridem
1457 688 1646 726 quercum
1695 673 1735 712 in

147 743 393 791 Aleyntoftes
440 743 539 781 infra
583 742 827 781 dominicum
875 741 994 792 precii
1033 741 1103 791 vjd‚
1145 742 1237 780 ideo
1283 742 1521 791 respondeat
1567 739 1732 779 domino

145 808 348 856 Johannes
369 809 420 846 de
451 810 561 846 Irton
594 815 634 846 et
666 809 864 846 Robertus
899 808 950 845 de
970 808 1114 857 Wyern
1147 814 1327 845 tenentes
1361 814 1548 844 terrarum
1570 812 1608 843 et
1628 811 1734 842 tene-

147 880 370 910 mentorum
392 886 470 922 que
499 875 654 912 fuerunt
674 872 859 911 Willelmi
886 873 936 911 de
964 874 1075 911 Irton
1107 885 1234 922 nuper
1255 871 1424 910 viridarii
1458 871 1523 909 del
1556 869 1732 908 Estward

147 937 199 974 de
219 937 352 986 precio
373 938 484 976 viridi
505 938 671 988 predicti
691 946 729 977 et
749 952 819 988 pro
840 937 1084 976 forisfactura
1105 938 1286 985 ejusdem
1305 937 1370 985 ij.

202 1003 304 1040 Item
341 1011 568 1053 presentant
600 1004 711 1054 quod
741 1005 923 1053 Rogerus
951 1003 1001 1040 de
1022 1002 1163 1051 Scalby
1184 1001 1252 1051 qui
1282 1000 1378 1039 obiit
1405 1000 1510 1050 cepit
1531 999 1732 1049 quandam

146 1066 312 1105 viridem
334 1081 520 1118 quercum
551 1068 591 1106 in
625 1068 732 1106 Haia
761 1069 811 1106 de
845 1068 985 1116 Scalby
1007 1066 1107 1104 infra
1139 1066 1384 1105 dominicum
1417 1064 1536 1115 precii
1557 1064 1732 1109 obolum,

147 1132 254 1170 unde
288 1131 407 1171 iidem
442 1141 621 1172 tenentes
653 1133 871 1171 eorundem
906 1131 1180 1170 viridariorum
1220 1131 1426 1180 (terrarum
1459 1136 1498 1167 et
1530 1136 1731 1167 tenemen-

147 1202 275 1234 torum
316 1210 394 1246 que
433 1199 588 1236 fuerunt
627 1197 793 1247 predicti
832 1196 999 1246 Rogeri)
1039 1196 1306 1245 respondeant
1352 1196 1404 1233 de
1448 1193 1580 1244 precio
1619 1193 1732 1232 viridi

147 1261 313 1309 predicti
333 1269 372 1300 et
402 1275 474 1312 pro
495 1263 739 1301 forisfactura
759 1262 940 1311 ejusdem
961 1259 1031 1310 vjd,
1054 1261 1104 1299 ad
1134 1273 1301 1310 quorum
1330 1272 1470 1298 manus
1491 1259 1732 1298 forisfactura

147 1332 185 1362 et
206 1325 380 1374 precium
401 1326 578 1375 predicta
599 1327 854 1364 devenerunt.

201 1391 303 1428 Item
334 1398 561 1440 presentant
588 1391 696 1440 quod
727 1389 886 1439 Juliana
913 1388 993 1427 filia
1024 1388 1244 1436 Laurencii,
1267 1402 1345 1439 que
1365 1388 1464 1427 obiit
1487 1388 1592 1438 cepit
1613 1401 1733 1426 unam

145 1454 309 1493 viridem
332 1469 520 1505 quercum
555 1455 704 1493 ibidem
739 1454 839 1492 infra
868 1453 1114 1493 dominicum
1145 1454 1267 1504 precii
1302 1455 1477 1501 obolum,
1500 1454 1592 1492 ideo
1612 1453 1734 1491 iidem

145 1526 324 1558 tenentes
345 1521 565 1559 eorundum
586 1519 854 1559 viridariorum
888 1520 1156 1569 respondeant
1188 1520 1239 1557 de
1270 1519 1403 1569 precio
1425 1518 1537 1557 viridi
1566 1518 1734 1568 predicti

146 1591 185 1623 et
204 1598 275 1635 pro
296 1584 536 1624 forisfactura
549 1585 724 1635 ejusdem
738 1583 809 1634 vjd,
824 1585 875 1623 ad
896 1597 1063 1635 quorum
1085 1597 1225 1622 manus
1241 1583 1485 1623 forisfactura
1501 1590 1539 1622 et
1559 1583 1735 1634 precium

146 1651 388 1691 devenerint.

202 1717 302 1755 Item
333 1724 560 1767 presentant
580 1717 689 1767 quod
712 1715 874 1754 Matinis
896 1716 1054 1754 Hodles
1075 1728 1153 1765 que
1175 1713 1273 1753 obiit
1303 1713 1407 1764 cepit
1428 1727 1548 1753 unam
1569 1713 1736 1753 viridem

149 1795 338 1832 quercum
373 1782 521 1821 ibidem
555 1782 655 1820 infra
687 1781 932 1820 dominicum
966 1780 1088 1831 precii
1124 1781 1300 1827 obolum,
1337 1780 1429 1819 ideo
1467 1781 1735 1830 respondeant

146 1847 267 1886 iidem
286 1854 466 1886 tenentes
488 1847 705 1885 eorundem
725 1846 998 1885 viridariorum
1029 1847 1079 1884 de
1109 1844 1242 1895 precio
1261 1844 1376 1883 viridi
1409 1845 1576 1895 predicti
1606 1853 1644 1883 et
1665 1858 1736 1895 pro

146 1912 390 1951 forisfactura
421 1913 600 1962 ejusdem
639 1910 708 1961 vjd,
743 1912 793 1950 ad
826 1924 997 1961 quorum
1030 1923 1170 1949 manus
1206 1909 1452 1949 forisfactura
1486 1918 1525 1949 et
1559 1910 1735 1960 precium

148 1976 389 2015 devenerint.

203 2108 270 2145 He
289 2107 372 2145 also
393 2107 489 2145 took
509 2109 597 2144 four
617 2107 715 2151 oaks·
741 2105 781 2144 in
810 2106 1039 2145 Goathland
1060 2105 1194 2144 within
1225 2106 1292 2144 the
1321 2106 1522 2152 demesne,
1544 2105 1657 2143 value
1681 2103 1733 2142 2d.

147 2171 236 2209 The
256 2184 363 2209 same
383 2183 547 2220 persons
567 2170 823 2219 responsible.
882 2169 981 2208 Fine
1004 2177 1050 2208 2³.

200 2235 371 2273 William
402 2236 537 2284 Sharp,
561 2236 606 2274 of
629 2235 854 2282 Allantofts‚
876 2235 1040 2273 forester
1069 2235 1113 2273 of
1138 2234 1362 2281 Allantofts‚
1386 2234 1593 2281 deceased,
1615 2233 1735 2272 felled

146 2314 169 2339 a
204 2314 322 2351 green
353 2301 430 2339 oak
463 2300 502 2338 in
537 2300 750 2338 Allantofts
785 2299 917 2338 within
952 2300 1019 2339 the
1053 2301 1252 2347 demesne,
1285 2301 1397 2339 value
1430 2298 1483 2338 ὀᾶ.
1542 2300 1650 2349 John
1685 2300 1736 2337 de

148 2367 259 2403 Irton
279 2366 359 2404 and
380 2366 532 2404 Robert
553 2366 603 2404 de
623 2366 778 2414 Wyern,
801 2365 868 2402 the
898 2376 1120 2402 successors
1155 2371 1196 2402 to
1217 2364 1386 2403 William
1419 2365 1470 2403 de
1506 2365 1627 2411 Irt0n‚
1659 2365 1737 2402 late

145 2432 325 2469 verderer
346 2431 390 2469 of
413 2431 480 2469 the
502 2432 598 2468 East
618 2430 735 2476 ward,
757 2442 823 2467 are
843 2428 1100 2478 responsible.
1161 2428 1259 2468 Fine
1280 2431 1328 2467 6³.

199 2496 333 2544 Roger
353 2495 404 2533 de
424 2495 575 2544 Scalby,
598 2495 803 2542 deceased,
827 2495 923 2533 took
952 2507 975 2532 a
1003 2507 1121 2544 green
1151 2495 1226 2532 oak
1256 2493 1297 2532 in
1328 2495 1469 2544 Scalby
1490 2496 1583 2544 Hay
1602 2493 1737 2532 within

145 2559 213 2597 the
233 2560 434 2606 demesne,
455 2560 570 2597 value
591 2557 645 2609 ἑά.
705 2559 802 2597 Fine
824 2558 879 2597 60⁴¹.
938 2560 1026 2598 The
1047 2571 1155 2597 same
1176 2571 1340 2609 persons
1360 2559 1606 2609 responsible
1627 2558 1736 2597 since

145 2623 212 2662 the
233 2623 408 2671 money*
430 2636 542 2662 carne
562 2630 604 2661 to
625 2622 726 2661 their
745 2623 884 2661 hands.

200 2687 367 2736 Juliana,
390 2688 582 2737 daughter
613 2689 658 2726 of
682 2689 906 2735 Lawrence,
942 2688 1150 2735 deceased,
1181 2688 1278 2726 took
1308 2700 1332 2726 a
1364 2700 1482 2738 green
1517 2688 1593 2726 oak
1627 2688 1736 2726 there

147 2751 281 2790 within
302 2753 368 2791 the
397 2753 600 2800 demesne,
620 2753 733 2791 value
766 2750 824 2798 ὲᾶ.
884 2751 980 2790 Fine
1002 2750 1055 2790 ὀᾶ.
1115 2753 1204 2791 The
1238 2764 1346 2791 same
1379 2765 1544 2803 persons
1577 2764 1736 2802 respon-

145 2816 244 2855 sible
264 2817 323 2854 for
342 2817 409 2855 the
430 2829 537 2855 same
558 2829 709 2855 reason.

202 2880 372 2919 Matilda
404 2882 619 2928 Hoodless,
656 2882 864 2929 deceased,
899 2882 996 2920 took
1029 2894 1052 2920 a
1083 2894 1202 2932 green
1238 2882 1315 2920 oak
1346 2882 1456 2920 there
1491 2881 1625 2920 within
1664 2881 1733 2920 the

145 2946 346 2992 demesne,
368 2945 482 2983 value
504 2943 557 2994 {a
618 2945 714 2985 Fine
736 2945 791 2985 ὀᾶ.
850 2947 938 2985 The
973 2959 1081 2985 same
1116 2959 1281 2996 persons
1313 2946 1557 2995 responsible
1588 2947 1646 2984 for
1666 2947 1733 2985 the

146 3023 252 3049 same
273 3023 425 3049 reason.

702 3085 721 3103 ³¹⁵
746 3086 806 3118 See
824 3091 911 3125 note,
930 3098 960 3128 p.
984 3086 1033 3124 26,
1054 3090 1165 3127 supra.

203 3152 291 3180 vor.
325 3152 396 3188 HL,
431 3152 504 3180 Ns.
1546 3152 1573 3177 D
