2044 3491
269 258 348 309 146
631 266 806 299 DUCHY
837 266 898 299 OF
931 265 1221 299 LANCASTER
1253 266 1488 299 RECORDS.

265 365 464 405 libertates
485 372 524 405 et
545 365 790 416 quietancias
825 372 1047 416 spectantes
1080 363 1191 403 dedit
1222 364 1381 403 cuidam
1415 362 1589 414 Johanni
1622 363 1673 402 de
1703 363 1853 402 Dalton

265 432 484 470 tenendum
505 432 557 470 ad
574 430 786 470 terminum
801 431 880 469 vite
896 430 1018 480 ipsius
1038 429 1233 480 Johannis
1249 442 1318 479 per
1331 436 1477 467 cartam
1491 441 1612 476 suam,
1629 427 1852 467 reversione

266 497 445 545 ejusdem
465 496 631 535 manerii
652 497 782 535 eidem
803 497 962 534 Thome
983 503 1021 534 et
1041 495 1251 534 heredibus
1271 493 1350 532 suis
1372 500 1585 543 spectante,
1602 492 1670 542 qui
1686 493 1850 542 quidem

266 562 443 600 Thomas
465 561 520 600 sic
540 562 591 600 de
610 561 832 600 reversione
852 560 1028 611 predicta
1062 559 1161 599 obiit
1195 557 1361 597 seisitus.
1421 559 1472 596 Et
1506 557 1597 607 quia
1630 557 1728 596 obiit
1763 557 1848 596 sine

265 626 411 664 herede
431 626 482 664 de
515 634 779 675 corporesuo
813 632 1029 675 procreato,
1057 624 1235 675 predicta
1269 624 1406 669 honor,
1430 630 1602 660 castrum
1636 629 1675 661 et
1703 623 1848 661 foresta

264 689 381 728 simul
402 703 493 728 cum
514 689 737 728 reversione
766 690 942 740 predicta
963 690 1259 728 descendebant
1279 687 1352 738 ipsi
1388 687 1578 733 Henrico,
1601 695 1644 725 ut
1677 686 1782 725 fratri
1811 694 1850 725 et

263 755 400 793 heredi
420 754 586 805 predicti
607 756 764 793 Thome
780 768 848 805 per
868 756 1031 793 formam
1052 754 1148 793 doni
1170 752 1344 804 predicti.
1405 753 1457 790 Et
1491 752 1586 791 dicit
1618 753 1726 802 quod
1760 758 1849 802 post

263 826 419 869 tempus
449 819 734 858 adnullacionis
755 826 793 858 et
814 818 1049 858 cessacionis
1071 818 1218 858 ordinis
1239 816 1406 868 predicti
1426 824 1539 864 terre,
1561 823 1790 855 tenementa
1810 824 1849 855 et

262 883 532 932 possessiones
572 897 824 934 quecumque
863 897 942 934 que
980 885 1136 923 fuerunt
1176 881 1356 933 Magistri
1393 888 1432 920 et
1471 883 1648 920 Fratrum
1695 893 1850 931 semper

262 950 418 987 fuerunt
438 948 478 986 in
499 948 680 987 manibus
709 949 884 999 ipsorum
905 950 1062 988 Thome
1092 956 1130 987 et
1166 946 1332 987 Henrici
1366 954 1556 996 tanquam
1578 953 1733 985 escaeta
1762 959 1843 993 sua,

261 1013 369 1062 quo²’‘=
417 1020 595 1062 tempore
641 1013 840 1052 libertates
888 1021 926 1052 et
973 1013 1197 1063 quietancie
1237 1012 1414 1063 predicte
1452 1011 1618 1050 omnino
1672 1011 1844 1051 extincte

259 1079 425 1115 fuerunt.
486 1078 608 1116 Unde
638 1077 734 1127 petit
765 1077 959 1127 judicium
991 1078 1022 1116 si
1056 1077 1177 1116 iidem
1211 1078 1321 1116 Prior
1352 1084 1390 1116 et
1425 1078 1578 1115 Fratres
1617 1076 1847 1126 hujusmodi

258 1142 456 1181 libertates
478 1149 516 1181 et
536 1142 777 1192 quietancias
798 1142 1038 1192 pertinentes
1059 1144 1110 1181 ad
1130 1150 1250 1182 terras
1271 1149 1309 1181 et
1330 1148 1557 1180 tenementa
1578 1155 1655 1191 que
1676 1142 1726 1180 de
1759 1142 1845 1190 jure

257 1207 461 1245 communi
490 1213 678 1256 tanquam
708 1207 908 1245 dominica
937 1214 1070 1246 nostra
1101 1214 1140 1246 et
1171 1206 1406 1246 hereditarie
1440 1206 1514 1257 ipsi
1548 1207 1845 1246 descendebant

256 1285 326 1322 per
345 1271 506 1321 aliquod
527 1272 674 1309 factum
698 1271 819 1321 Regis
839 1273 1011 1321 gaudere
1032 1274 1188 1312 valeant
1208 1272 1248 1311 in
1270 1274 1345 1311 hac
1365 1280 1485 1323 parte.

312 1338 363 1375 Et
383 1335 549 1386 predicti
584 1335 694 1374 Prior
713 1343 752 1374 et
774 1338 926 1375 Fratres
947 1337 1085 1376 dicunt
1116 1339 1223 1387 quod
1250 1337 1324 1387 ipsi
1358 1337 1536 1387 precludi
1570 1350 1652 1376 non
1681 1338 1840 1384 debent,

255 1401 348 1451 quia
368 1400 506 1440 dicunt
521 1402 631 1451 quod
652 1414 699 1439 ex
719 1414 798 1451 quo
818 1401 893 1451 ipsi
913 1403 964 1441 de
985 1401 1106 1449 terris,
1129 1402 1364 1441 tenementis
1386 1409 1424 1440 et
1445 1402 1759 1452 possessionibus
1790 1403 1843 1441 ad

253 1479 332 1516 que
369 1466 598 1516 hujusmodi
618 1466 815 1505 libertates
838 1474 875 1505 et
896 1467 1119 1517 quietancie
1154 1467 1302 1505 debent
1336 1465 1531 1515 pertinere
1563 1466 1706 1504 virtute
1736 1474 1841 1505 carte

252 1529 440 1581 predicte,
463 1538 505 1569 ut
526 1530 701 1580 superius
722 1538 910 1578 asserunt,
934 1539 1024 1570 sunt
1045 1531 1174 1570 seisiti.
1227 1533 1278 1569 Et
1298 1531 1484 1570 dominus
1507 1532 1594 1569 Rex
1613 1544 1683 1580 per
1695 1538 1842 1569 cartam

251 1608 363 1633 suam
385 1595 581 1634 concessit
602 1595 657 1634 eis
677 1595 717 1633 in
750 1597 868 1645 pleno
905 1596 1169 1635 Parliamento
1204 1609 1275 1634 suo
1311 1597 1361 1634 de
1394 1609 1557 1634 assensu
1581 1596 1839 1643 Prelatorum,

251 1659 454 1699 Comitum
477 1667 515 1699 et
537 1662 738 1699 Baronum
760 1669 798 1700 et
819 1661 984 1711 aliorum
1018 1663 1231 1699 Procerum
1254 1661 1363 1710 quod
1383 1659 1456 1710 ipsi
1478 1660 1708 1709 hujusmodi
1729 1660 1842 1698 liber-

249 1731 350 1763 tates
371 1732 410 1763 et
430 1725 673 1774 quietancias
694 1726 837 1775 quibus
860 1725 1038 1776 Magistri
1071 1733 1110 1764 et
1145 1728 1297 1764 Fratres
1328 1733 1420 1763 ante
1454 1724 1771 1763 adnullacionem
1803 1732 1841 1763 et

249 1789 518 1828 cessacionem
540 1790 688 1828 ordinis
709 1791 875 1840 predicti
896 1790 1017 1829 seisiti
1039 1791 1193 1829 fuerunt
1214 1797 1251 1829 et
1272 1789 1403 1840 gavisi,
1426 1790 1599 1828 habeant
1619 1797 1657 1828 et
1678 1797 1840 1828 teneant

247 1853 322 1891 sibi
343 1861 381 1892 et
402 1855 694 1893 successoribus
715 1855 794 1894 suis
816 1856 1119 1905 imperpetuum.
1180 1857 1244 1894 De
1263 1855 1407 1905 quibus
1439 1854 1546 1893 idem
1578 1854 1767 1905 Magister
1796 1862 1835 1893 et

247 1919 400 1956 Fratres
439 1926 530 1957 ante
564 1919 882 1958 adnullacionem
922 1928 961 1959 et
999 1920 1270 1959 cessacionem
1309 1919 1456 1958 ordinis
1503 1919 1669 1969 predicti
1712 1918 1837 1958 seisiti

245 1982 415 2029 fuerunt,
439 1989 477 2020 et
498 1982 571 2032 ipsi
591 1982 766 2021 similiter
785 1997 807 2022 a
829 1992 1006 2034 tempore
1027 1984 1295 2023 confeccionis
1329 1991 1434 2022 carte
1468 1983 1645 2033 predicte
1666 1983 1760 2033 ipsis
1791 1991 1835 2023 ut

245 2045 460 2095 predicitur
498 2048 601 2085 facte
649 2047 803 2086 seisitus
852 2057 910 2088 est
951 2047 1045 2101 [sic]‚
1087 2056 1201 2098 prout
1241 2048 1364 2098 parati
1399 2055 1489 2086 sunt
1529 2048 1729 2087 verificare
1769 2062 1838 2098 per

242 2110 441 2149 ministros
479 2111 623 2150 foreste
662 2112 852 2162 predicte,
901 2115 959 2152 ve]
992 2114 1102 2152 aliter
1131 2120 1246 2163 prout
1277 2112 1395 2152 Curia
1429 2120 1516 2157 ete„
1548 2114 1655 2151 unde
1696 2121 1838 2163 petunt

241 2174 436 2223 judicium
467 2183 539 2214 ete.
601 2178 653 2215 Et
688 2190 805 2226 super
842 2179 920 2216 hoc
958 2179 1073 2217 datus
1113 2185 1171 2217 est
1209 2177 1293 2217 dies
1332 2184 1413 2215 tam
1452 2177 1611 2227 prefatis
1646 2178 1770 2216 Priori
1799 2186 1838 2218 et

246 2317 288 2341 as
310 2304 359 2342 he
381 2303 474 2342 died
511 2304 673 2343 without
705 2305 857 2355 leaving
886 2320 961 2356 any
988 2307 1073 2345 heir
1101 2308 1146 2345 of
1169 2307 1229 2345 his
1259 2307 1375 2356 body,
1408 2308 1475 2346 the
1504 2308 1670 2355 honour,
1702 2310 1835 2356 castle,

245 2369 326 2406 and
347 2369 476 2416 forest,
499 2370 678 2419 together
698 2370 788 2408 with
820 2372 887 2410 the
915 2371 1124 2418 reversion,
1148 2372 1377 2410 descended
1410 2380 1451 2410 to
1485 2373 1576 2409 Earl
1610 2375 1748 2423 Henry
1778 2373 1838 2411 his

247 2433 406 2472 brother
439 2435 518 2472 and
557 2434 640 2472 heir
671 2435 717 2472 of
739 2435 866 2473 entail.
926 2437 1037 2474 After
1067 2436 1134 2474 the
1171 2435 1423 2485 suppression
1454 2437 1498 2474 of
1523 2437 1591 2474 the
1619 2438 1836 2486 Templars,

246 2497 347 2535 their
366 2499 490 2545 lands,
514 2505 747 2546 tenements,
769 2500 849 2538 and
870 2499 1114 2549 possessions
1144 2499 1346 2538 remained
1366 2500 1505 2549 always
1532 2512 1574 2537 as
1598 2501 1776 2539 escheats
1797 2501 1838 2539 in

245 2563 312 2600 the
333 2563 459 2601 hands
494 2564 539 2601 of
568 2564 635 2601 the
657 2564 766 2602 Earls
787 2564 961 2601 Thomas
981 2564 1060 2601 and
1082 2565 1294 2613 Henrystat
1315 2563 1439 2601 which
1461 2563 1556 2602 time
1576 2564 1644 2602 the
1665 2564 1836 2604 liberties

244 2628 324 2665 and
345 2627 567 2676 quittances
587 2640 687 2666 were
707 2626 868 2677 entirely
903 2627 1186 2677 extinguished.
1245 2628 1472 2666 Wherefore
1506 2629 1556 2666 he
1587 2641 1698 2678 prays
1725 2630 1838 2679 judg-

246 2699 356 2729 ment
376 2692 550 2731 whether
569 2693 620 2741 by
639 2705 715 2741 any
735 2693 839 2731 deed
861 2693 906 2730 of
921 2693 987 2730 the
1010 2692 1118 2741 King
1138 2693 1204 2731 the
1227 2692 1491 2742 Hospitallers
1512 2706 1586 2731 can
1621 2694 1741 2744 enjoy
1769 2696 1837 2734 the

245 2755 416 2794 liberties
445 2757 524 2794 and
555 2756 775 2805 quittances
796 2756 922 2793 which
943 2757 994 2805 by
1015 2769 1202 2794 common
1222 2757 1294 2794 law
1313 2757 1392 2794 and
1424 2757 1469 2794 of
1492 2757 1595 2807 right
1630 2759 1676 2796 of
1699 2757 1838 2797 inheri-

246 2826 361 2859 tance
382 2821 610 2859 descended
631 2828 671 2859 to
692 2821 759 2859 the
781 2821 873 2858 Earl
903 2834 945 2858 as
975 2820 1075 2859 their
1095 2834 1181 2859 own
1215 2822 1432 2859 demesnes.
1493 2823 1580 2860 The
1614 2822 1724 2861 Prior
1756 2825 1836 2862 and

246 2885 436 2922 Brethren
457 2885 564 2934 reply
585 2885 667 2922 that
687 2884 763 2922 this
784 2883 816 2922 is
837 2897 888 2922 no
910 2884 988 2931 bar,
1008 2885 1177 2923 because
1197 2886 1296 2923 from
1313 2887 1378 2924 the
1408 2887 1499 2925 date
1529 2888 1574 2925 of
1598 2888 1665 2925 the
1696 2887 1835 2936 King's

245 2949 348 2987 deed
369 2950 462 2999 they
482 2962 579 2988 were
599 2949 724 2988 seised
748 2950 792 2987 of
807 2950 872 2987 the
893 2950 1006 2987 lands
1036 2956 1076 2987 to
1108 2949 1233 2987 which
1268 2951 1334 2988 the
1368 2950 1541 2989 liberties
1574 2952 1654 2989 and
1688 2951 1836 3001 acquit-

246 3018 379 3051 tances
402 3015 524 3063 ought
544 3021 584 3052 to
606 3014 654 3052 be
675 3021 964 3063 appurtenant3
994 3014 1074 3051 and
1095 3015 1161 3052 the
1185 3014 1293 3064 King
1313 3016 1363 3063 by
1397 3016 1465 3053 the
1500 3016 1604 3053 deed
1638 3017 1834 3065 expressly

486 3087 504 3104 '⁶
528 3089 583 3120 An
600 3088 817 3130 anticipation
833 3088 871 3120 of
884 3088 939 3120 the
956 3088 1122 3121 doctrines
1138 3089 1177 3121 of
1187 3100 1315 3131 merget
1329 3090 1393 3122 and
1410 3090 1601 3123 extinction-
