2044 3491
825 205 1061 238 coucHER
1093 206 1237 239 BOOK.
1752 207 1830 249 127

241 304 424 344 omnibus
444 305 573 345 boscis
594 312 632 344 et
652 305 769 344 moris
803 304 901 343 infra
935 305 1059 344 dictas
1091 304 1235 344 divisas
1265 317 1287 342 a
1317 303 1424 342 dicto
1444 304 1546 342 vado
1580 304 1631 342 de
1652 304 1829 342 Ferwath

240 383 366 419 usque
387 370 614 420 aquilonem
646 383 714 420 per
744 369 870 408 visum
904 370 1194 408 forestariorum
1211 384 1221 417 3
1243 375 1281 406 et
1311 367 1486 406 similiter
1506 381 1646 417 capere
1667 368 1830 405 cablicia

241 441 280 473 et
312 435 454 473 siccam
490 436 652 473 buscam
685 434 737 472 ad
767 441 909 472 terram
941 440 1173 483 prostratam
1203 433 1286 472 sine
1318 433 1402 471 visu
1428 432 1718 471 forestariorum
1739 446 1831 470 cum

240 500 426 538 acciderit
463 500 514 537 ad
553 498 810 537 sufficientem
849 500 899 538 de
937 500 1155 538 housebote
1194 506 1232 538 et
1271 498 1441 537 haibote.
1520 500 1571 537 Et
1610 511 1680 548 pro
1715 511 1756 536 se
1796 506 1834 536 et

241 564 467 601 hominibus
485 563 563 601 suis
584 564 634 601 de
656 563 851 613 Pikeryng
871 576 893 601 a
913 563 1020 602 dicto
1040 564 1143 602 vado
1160 564 1257 602 infra
1277 564 1401 602 dictas
1423 562 1566 601 divisas
1587 562 1626 600 in
1648 562 1832 601 omnibus

241 627 370 666 boscis
390 640 523 666 versus
543 635 715 666 austrum
739 635 845 666 extra
867 627 1012 665 Haiam
1035 629 1085 666 de
1107 628 1313 677 Blandeby
1334 627 1574 665 subboscum
1595 627 1647 664 ad
1668 639 1831 675 campos

246 700 284 730 et
307 691 508 742 curtilagia
529 705 598 730 sua
619 692 659 730 in
681 691 876 741 Pikeryng
907 693 1163 731 claudendos.
1225 693 1276 729 Et
1296 703 1368 741 pro
1390 704 1430 730 se
1452 698 1490 729 et
1510 689 1738 729 hominibus
1760 689 1838 727 suis

242 757 293 795 de
314 756 510 806 Pikeryng
529 756 572 794 in
593 756 778 795 omnibus
799 757 928 795 boscis
949 757 1047 795 infra
1078 756 1203 795 dietas
1236 755 1381 795 divisas
1402 769 1423 794 a
1451 755 1559 794 dicto
1580 755 1683 793 vado
1703 767 1836 793 versus

246 828 420 859 austrum
441 821 624 871 colligere
645 834 766 860 nuces
787 822 837 859 ad
859 821 1050 859 estoveria
1071 834 1151 859 sua.
1212 822 1262 859 Et
1292 834 1362 870 pro
1384 833 1425 858 se
1447 827 1485 858 et
1505 818 1730 858 hominibus
1761 819 1840 857 suis

244 886 295 924 de
330 886 523 936 Pikeryng
556 885 595 923 in
631 886 812 924 omnibus
844 885 974 924 boscis
1009 885 1107 923 infra
1141 885 1266 924 dictas
1305 884 1448 923 divisas
1488 896 1622 922 versus
1661 890 1836 921 austrum

244 963 384 1000 capere
404 950 529 1001 virgas
550 952 600 989 ad
635 951 816 990 utensilia
844 964 1071 990 carucarum
1102 963 1259 989 suarum
1290 949 1329 987 in
1362 948 1566 998 Pikeryng.
1627 949 1678 986 Et
1699 948 1838 986 dicunt

245 1016 377 1065 quoad
399 1016 583 1054 clamium
605 1029 721 1054 suum
742 1029 827 1054 esse
848 1015 971 1066 quieti
991 1017 1042 1055 de
1064 1015 1251 1065 herbagio
1273 1023 1346 1061 etc,
1369 1015 1420 1053 de
1451 1013 1659 1064 pannagio,
1683 1012 1839 1063 expedi-

244 1080 428 1119 tacione*
454 1080 595 1133 [304b]
624 1094 768 1119 canum
801 1088 838 1119 et
870 1083 921 1120 de
945 1088 1088 1130 putura
1117 1079 1293 1118 omnium
1322 1078 1589 1117 ministrorum
1614 1079 1757 1116 foreste
1787 1078 1839 1116 de

247 1146 451 1195 Pikeryng,
485 1146 623 1184 dicunt
657 1147 766 1196 quod
813 1145 998 1184 dominus
1040 1144 1239 1183 Henricus
1278 1144 1483 1193 quondam
1526 1144 1613 1181 Rex
1633 1141 1660 1192 ψ
1682 1142 1836 1191 Anglie,

245 1210 473 1259 progenitor
503 1209 656 1248 domini
693 1210 813 1260 Regis
847 1223 965 1256 nunc,
1001 1209 1112 1247 dedit
1149 1216 1188 1247 et
1226 1207 1422 1246 concessit
1461 1209 1607 1246 Sancto
1647 1208 1765 1245 Petro
1805 1214 1844 1244 et

246 1273 402 1311 cuidam
419 1275 492 1322 G.‡
512 1273 823 1324 Archiepiscopo
842 1273 1082 1312 Eboracensi
1097 1273 1282 1312 ecclesias
1299 1274 1349 1311 de
1367 1273 1622 1321 Poclyntona,
1639 1271 1839 1320 Dryffieffl,

248 1337 398 1385 Kilum,
422 1338 626 1388 Pikeryng‚
650 1340 778 1388 Burgh
801 1346 839 1377 et
860 1339 991 1388 Snayd
1021 1351 1109 1376 cum
1140 1338 1324 1376 omnibus
1345 1337 1424 1375 suis
1445 1335 1604 1385 capellis
1633 1343 1670 1374 et
1691 1348 1784 1373 soca
1805 1342 1843 1373 et

250 1403 319 1440 sak
341 1410 380 1441 et
400 1403 755 1441 consuetudinibus
777 1404 827 1441 ad
848 1416 913 1442 eas
935 1402 1222 1453 pertinentibus
1239 1417 1250 1451 3
1282 1409 1320 1440 et
1341 1400 1516 1451 precepit
1537 1401 1647 1450 quod
1668 1399 1844 1449 predicte

249 1467 414 1505 ecclesie
430 1475 560 1506 essent
581 1467 724 1517 quiete,
760 1468 882 1507 libere
916 1467 956 1505 in
991 1468 1176 1506 omnibus
1210 1467 1326 1505 rebus
1357 1473 1395 1505 et
1424 1464 1780 1504 consuetudinibus
1802 1471 1843 1502 ut

251 1532 417 1570 Sanctus
441 1534 579 1571 Petrus
614 1532 891 1582 perpetualiter
925 1540 1057 1571 teneat
1078 1531 1182 1582 ipsas
1203 1531 1388 1571 ecclesias
1421 1529 1585 1580 quietas,
1623 1530 1770 1567 solutas
1805 1535 1844 1567 et

249 1596 392 1634 liberas
412 1598 462 1635 ab
483 1597 592 1636 omni
617 1597 781 1635 servicio
802 1610 872 1647 per
903 1605 1049 1636 cartam
1083 1610 1192 1635 suam
1213 1609 1333 1646 quam
1354 1595 1419 1633 hic
1439 1596 1585 1645 profert
1607 1592 1688 1646 [sic]
1711 1601 1749 1632 et
1769 1607 1848 1644 que

249 1662 326 1699 hoc
348 1669 522 1700 testatur.
580 1663 734 1701 Virtute
755 1664 867 1711 cujus
889 1662 986 1701 doni
1015 1662 1121 1701 idem
1155 1662 1202 1700 G.
1228 1659 1489 1699 Eboracensis
1510 1659 1845 1708 Archiepiscopus

250 1725 406 1775 quietus
427 1726 474 1764 sit
495 1727 546 1765 de
565 1727 750 1776 herbagio
771 1740 842 1777 pro
863 1740 904 1766 se
925 1734 963 1765 et
984 1726 1210 1765 hominibus
1243 1724 1321 1762 suis
1354 1725 1405 1762 de
1426 1724 1620 1773 Pikeryng
1640 1723 1680 1760 in
1701 1724 1846 1761 foresta

250 1790 426 1839 predicta
446 1804 514 1840 per
534 1792 676 1830 divisas
698 1791 904 1841 predictas,
926 1799 964 1830 et
985 1791 1111 1830 eciam
1145 1791 1196 1829 de
1217 1787 1516 1839 expeditacione
1541 1801 1694 1834 canum,
1727 1794 1846 1837 atque

252 1918 345 1955 bote
365 1918 445 1955 and
466 1917 691 1967 hedgebote
711 1917 751 1955 in
771 1919 822 1956 all
843 1919 978 1956 woods
998 1918 1078 1956 and
1099 1930 1230 1955 moors
1254 1916 1385 1954 within
1408 1916 1474 1954 the
1495 1915 1580 1953 said
1601 1914 1842 1953 boundaries

251 1990 293 2021 to
325 1983 391 2020 the
424 1983 539 2021 north
575 1984 620 2021 of
645 1984 822 2022 Farwath
857 1990 895 2022 at
929 1983 1027 2021 view
1057 1983 1101 2021 of
1139 1984 1205 2020 the
1237 1983 1443 2028 foresters3
1474 1981 1553 2018 and
1592 1979 1765 2018 likewise
1803 1987 1846 2018 to

250 2047 342 2085 take
382 2047 648 2085 browsewood
683 2048 763 2085 and
797 2048 866 2096 dry
905 2048 1022 2085 wood
1061 2047 1178 2085 felled
1208 2054 1249 2084 to
1279 2047 1347 2084 the
1376 2046 1532 2095 ground
1553 2043 1715 2082 without
1745 2043 1843 2083 view

252 2113 297 2149 of
320 2112 387 2149 the
407 2112 587 2149 foresters
608 2113 813 2150 whenever
839 2113 948 2150 there
969 2112 1069 2149 shall
1090 2112 1247 2160 happen
1268 2117 1308 2148 to
1339 2111 1389 2147 be
1418 2121 1528 2147 more
1558 2109 1653 2146 than
1684 2108 1845 2157 enough

253 2177 312 2214 for
331 2176 550 2214 housebote
571 2177 648 2214 and
671 2177 921 2226 hedgebote;
951 2177 1030 2214 and
1051 2177 1134 2214 also
1154 2183 1195 2213 to
1216 2176 1283 2213 the
1304 2174 1420 2212 south
1441 2174 1486 2210 of
1512 2173 1688 2210 Farwath
1710 2171 1846 2210 within

251 2241 319 2279 the
348 2240 432 2278 said
461 2241 697 2279 boundaries
727 2241 969 2279 underwood
999 2247 1137 2290 except
1166 2240 1207 2277 in
1237 2240 1410 2288 Blansby
1438 2238 1539 2276 Park
1560 2238 1619 2275 for
1639 2237 1842 2286 enclosing

255 2303 357 2343 their
384 2305 496 2343 fields
524 2307 605 2345 and
634 2306 840 2356 curtilages
870 2305 909 2344 in
941 2305 1159 2354 Pickering,
1183 2311 1273 2342 nuts
1302 2317 1344 2342 as
1374 2310 1547 2342 estovers
1577 2303 1656 2340 and
1677 2302 1768 2340 rods
1791 2303 1850 2339 for

255 2371 322 2408 the
355 2370 515 2408 harness
550 2372 595 2409 of
631 2371 732 2409 their
766 2372 944 2421 ploughs.
1005 2372 1061 2408 As
1095 2377 1136 2409 to
1169 2367 1271 2407 their
1302 2367 1417 2406 claim
1452 2374 1494 2406 to
1528 2367 1578 2405 be
1614 2365 1699 2415 quit
1726 2367 1769 2404 of
1796 2366 1848 2403 all

255 2439 443 2482 payment
474 2433 533 2470 for
566 2434 737 2483 herbage
770 2435 850 2472 and
882 2446 1074 2483 pannage,
1109 2433 1155 2470 of
1178 2430 1320 2480 lawing
1353 2431 1397 2468 of
1421 2428 1523 2468 their
1557 2429 1655 2478 dogs
1688 2428 1767 2466 and
1807 2428 1853 2465 of

257 2503 397 2545 puture
417 2498 462 2535 of
475 2498 526 2535 all
547 2499 698 2536 officers
720 2500 765 2537 of
790 2498 997 2547 Pickering
1019 2499 1155 2535 Forest
1176 2497 1270 2545 they
1290 2508 1357 2544 say
1371 2495 1454 2533 that
1472 2495 1610 2541 Henry
1633 2494 1662 2530 Ι.
1679 2492 1851 2541 granted

258 2568 300 2599 to
336 2562 388 2599 St.
415 2563 530 2600 Peter
563 2564 642 2601 and
676 2564 826 2601 Gerard
847 2562 1100 2612 Archbishop
1134 2562 1180 2599 of
1216 2560 1326 2598 York
1354 2559 1421 2597 the
1442 2558 1634 2596 churches
1655 2558 1700 2595 of
1728 2556 1852 2603 Pock-

260 2625 422 2675 lington‚
448 2627 638 2675 Driffield,
662 2628 837 2675 Kilham,
861 2627 1078 2677 Pickering,
1103 2625 1364 2674 Aldborough
1394 2624 1473 2662 and
1503 2621 1641 2661 Snaith
1675 2620 1767 2660 with
1800 2621 1852 2658 all

260 2691 421 2740 chapels
451 2693 665 2742 belonging
694 2694 847 2732 thereto
876 2694 956 2731 and
977 2692 1065 2731 with
1090 2704 1157 2730 soc
1177 2690 1256 2728 and
1277 2702 1342 2727 sac
1363 2688 1442 2726 and
1463 2689 1513 2725 all
1534 2693 1711 2725 customs
1729 2700 1740 2734 3
1768 2686 1849 2723 and

261 2755 311 2792 he
347 2755 538 2795 ordained
570 2759 655 2796 that
689 2759 757 2796 the
791 2758 876 2796 said
910 2758 1101 2795 churches
1136 2755 1279 2794 should
1313 2755 1363 2791 be
1395 2751 1480 2802 quit
1509 2752 1588 2789 and
1617 2751 1696 2788 free
1730 2749 1770 2787 in
1801 2749 1853 2788 all

263 2825 422 2857 matters
444 2821 524 2858 and
545 2828 720 2860 customs
737 2835 780 2860 so
801 2823 885 2861 that
906 2823 959 2861 St.
984 2824 1099 2861 Peter
1119 2820 1243 2870 might
1262 2819 1358 2857 hold
1379 2818 1446 2856 the
1477 2816 1561 2855 said
1591 2815 1782 2852 churches
1812 2814 1854 2852 in

263 2883 483 2934 perpetuity
504 2886 582 2923 free
603 2887 648 2924 of
662 2887 713 2924 all
733 2887 890 2927 service.
950 2888 1038 2926 The
1069 2887 1172 2926 deed
1201 2885 1233 2923 is
1263 2882 1468 2934 produced
1497 2881 1576 2919 and
1597 2879 1644 2918 its
1666 2886 1850 2918 contents

441 2980 455 2995 *
481 2979 550 3012 Not
566 2980 757 3013 mentioned
773 2982 896 3015 before.
1469 2978 1492 3013 'l‘
1517 2977 1632 3018 Henry
1649 2977 1677 3008 Ῑ·

665 3035 686 3070 ‡
709 3033 848 3073 Gerard,
867 3034 1053 3076 previously
1070 3033 1194 3073 Bishop
1210 3031 1246 3064 of
1268 3030 1442 3063 Hereford.
