2044 3491
284 213 369 243 210
907 193 910 194 ⁷
945 209 1213 241 APPENDIX.

287 306 528 346 eleccionem
567 304 799 345 wodewardi
830 317 906 344 nec
935 305 1124 344 corticem
1155 307 1205 345 de
1238 305 1422 345 omnibus
1452 307 1675 357 quercubus
1713 305 1873 345 succisis

287 379 403 422 prout
423 370 498 421 ipsi
528 384 599 421 per
618 372 770 409 clamea
790 383 860 408 sua
890 379 1131 420 supponunt,
1154 371 1323 421 separati
1354 372 1577 410 habuerunt
1597 383 1671 410 nec
1699 371 1872 421 aliquem

289 443 434 475 statum
454 435 528 473 nisi
547 443 589 473 ut
609 434 826 473 comunarii
842 441 880 473 et
901 436 1097 475 convicini
1117 437 1208 475 ville
1221 437 1397 487 predicte
1413 438 1646 484 habuerunt,
1667 449 1876 486 quousque

291 509 469 550 tempore
491 499 697 538 Edmundi
719 499 886 538 Comitis
907 500 974 549 qui
997 501 1214 539 manerium
1234 503 1285 540 de
1315 501 1534 551 Pikerynge
1563 502 1671 539 unde
1701 500 1877 550 predicta

292 564 383 604 villa
403 566 454 603 de
475 565 672 602 Ebreston
694 571 752 602 est
773 565 943 613 parcella
963 565 1090 604 tenuit
1111 579 1159 604 ex
1175 567 1283 605 dono
1306 566 1472 604 Henrici
1494 566 1614 615 Regis
1644 565 1780 615 proavi
1801 572 1875 612 etc,

293 642 372 679 quo
393 636 570 679 tempore
591 628 789 678 predictus
810 630 988 667 Thomas
1009 631 1060 668 de
1081 631 1278 669 Ebreston
1299 631 1372 669 fuit
1393 633 1632 669 senescallus
1654 638 1692 669 et
1712 630 1877 669 ballivus

294 693 459 732 manerii
479 701 517 732 et
538 692 697 731 honoris
719 693 769 731 de
791 692 1021 744 Pikerynge,
1043 701 1082 733 et
1102 708 1181 744 quo
1194 702 1373 745 tempore
1394 696 1554 746 quidam
1571 696 1679 746 parvi
1699 702 1878 734 tenentes

296 759 475 807 ejusdem
489 757 579 795 ville
599 756 730 806 ipsum
751 758 948 795 Thomam
971 771 1040 808 pro
1061 758 1200 797 timore
1221 759 1339 797 officii
1360 760 1420 798 sui
1440 760 1626 799 corticem
1648 761 1697 798 de
1717 772 1880 809 quercu-

295 825 370 862 bus
391 822 553 861 succisis
585 822 640 860 eis
659 822 831 860 liberatis
864 836 1003 872 capere
1023 824 1284 872 permiserunt
1305 831 1342 863 et
1369 832 1611 874 extorquere,
1634 832 1692 863 set
1724 837 1799 863 nec
1828 825 1879 862 de

296 888 455 938 prefatis
476 888 655 926 Roberto
676 888 726 926 de
761 889 1035 937 Scardeburgh
1055 901 1129 926 nec
1149 889 1305 927 Thoma
1325 889 1457 928 White
1477 903 1552 927 nec
1581 902 1718 928 eorum
1749 890 1880 928 feoffa-

297 952 447 991 toribus
468 965 543 991 nec
562 965 698 991 eorum
720 952 1035 991 antecessoribus
1057 953 1228 1003 aliquam
1259 953 1446 992 corticem
1476 955 1526 993 de
1547 954 1769 1004 quercubus
1799 953 1879 992 suis

297 1017 353 1056 eis
374 1017 546 1056 liberatis
567 1017 789 1056 habuerunt
809 1025 924 1067 prout
945 1031 1013 1067 per
1026 1019 1176 1056 clamea
1197 1031 1265 1056 sua
1285 1026 1526 1068 supponunt,
1541 1031 1615 1057 nec
1636 1018 1879 1057 eleccionem

295 1082 541 1128 wodewardi,
591 1081 666 1120 nisi
704 1081 745 1119 in
797 1081 1002 1120 communi
1044 1095 1135 1120 cum
1182 1082 1266 1120 aliis
1316 1083 1531 1121 convicinis
1562 1091 1600 1122 et
1643 1082 1881 1121 comunariis

295 1146 385 1185 ville
415 1146 602 1196 predicte,
633 1159 708 1184 nec
742 1146 872 1196 aliqua
905 1146 1047 1185 clamia
1077 1148 1128 1185 de
1166 1147 1314 1185 eisdem
1353 1147 1599 1186 libertatibus
1638 1147 1881 1197 temporibus

295 1211 495 1250 retroactis
529 1224 599 1260 per
632 1211 762 1261 ipsum
809 1212 1008 1249 Thomam
1049 1213 1099 1250 de
1139 1212 1334 1250 Ebreston
1373 1225 1441 1250 seu
1470 1212 1567 1250 alios
1610 1224 1882 1262 quoscumque

291 1285 415 1316 terras
454 1285 493 1316 et
522 1285 748 1316 tenementa
776 1277 841 1315 illa
870 1284 1049 1315 tenentes
1078 1290 1210 1315 coram
1240 1276 1555 1327 quibuscumque
1584 1276 1813 1326 Justiciariis
1841 1275 1882 1312 in

295 1344 439 1381 foresta
478 1342 654 1392 predicta
685 1341 959 1380 itinerantibus
991 1343 1157 1379 allocata
1188 1343 1355 1388 suerunt,
1391 1355 1518 1391 usque
1550 1343 1632 1391 jam
1670 1341 1710 1379 in
1744 1340 1882 1379 itinere

294 1414 472 1457 tempore
507 1407 628 1457 Regis
663 1420 770 1444 nunc
790 1414 900 1444 tento
931 1406 1038 1455 apud
1069 1406 1285 1455 Pikerynge
1316 1406 1515 1455 predictus
1551 1408 1750 1444 Robertus
1779 1405 1882 1442 filius

295 1471 479 1510 Willelmi
500 1479 538 1510 et
571 1471 746 1509 Thomas
767 1471 950 1509 Thurnef
965 1470 1005 1507 in
1034 1471 1111 1508 fine
1143 1471 1322 1518 ejusdem
1352 1470 1501 1509 itineris
1535 1470 1677 1508 clamia
1705 1469 1770 1508 illa
1798 1482 1883 1519 pro-

295 1543 522 1586 posuerunt,
546 1535 614 1586 qui
648 1543 767 1574 terras
789 1542 827 1573 et
859 1542 1086 1573 tenementa
1118 1534 1183 1572 illa
1213 1534 1268 1573 eis
1302 1535 1500 1585 adquisita
1529 1536 1580 1573 de
1609 1547 1715 1573 novo
1746 1541 1883 1573 tenent

296 1610 368 1650 etc,
393 1609 430 1640 et
464 1601 519 1640 sic
540 1602 707 1640 subdole
737 1600 1008 1639 machinantes
1043 1608 1123 1638 tam
1153 1600 1282 1650 ipsum
1318 1602 1471 1649 Regem
1499 1600 1550 1638 ad
1580 1612 1698 1649 quem
1733 1605 1884 1648 spectat

295 1667 464 1705 reversio
495 1666 760 1716 predictorum
807 1664 970 1703 manerii
1005 1672 1043 1703 et
1074 1664 1235 1703 honoris
1269 1672 1332 1703 etc
1365 1677 1436 1713 per
1467 1665 1632 1702 formam
1661 1663 1757 1702 doni
1792 1663 1885 1701 facti

294 1734 445 1782 prefato
487 1733 704 1770 Edmundo
738 1744 864 1780 nuper
907 1730 1057 1770 Comiti
1093 1729 1332 1776 Lancastrie‚
1365 1743 1485 1779 quam
1520 1729 1650 1778 ipsum
1682 1728 1883 1768 Comitem

295 1797 364 1847 qui
384 1810 490 1835 nunc
503 1805 561 1835 est
582 1798 819 1835 exheredare
834 1809 880 1834 ac
895 1795 1117 1845 participes,
1139 1795 1368 1833 convicinos
1383 1802 1420 1832 et
1440 1793 1688 1832 comunarios
1705 1793 1882 1842 ejusdem

295 1862 385 1901 ville
419 1864 551 1901 colore
584 1863 823 1901 clameorum
859 1860 1125 1910 predictorum
1157 1860 1390 1909 subjugare3
1426 1867 1464 1898 et
1498 1859 1574 1897 hoc
1607 1865 1745 1908 petunt
1777 1857 1885 1906 quod

296 1991 390 2029 held
410 1991 477 2029 the
499 1993 644 2029 Manor
664 1991 707 2028 of
732 1988 951 2039 Pickerhrg,
975 1991 1019 2027 of
1047 1989 1172 2027 which
1203 1990 1269 2028 the
1301 1989 1494 2038 township
1526 1990 1571 2026 of
1600 1989 1825 2026 Ebberston
1854 1986 1886 2025 is

297 2056 439 2104 parcel,
470 2056 521 2103 by
563 2054 633 2104 gift
662 2055 761 2092 from
795 2054 904 2103 King
935 2056 1074 2104 Henry
1105 2056 1183 2093 ΙΠ.
1255 2056 1433 2093 Thomas
1469 2055 1519 2092 de
1555 2054 1778 2091 Ebberston
1808 2064 1885 2089 was

297 2121 393 2159 then
433 2120 598 2158 steward
635 2120 716 2157 and
753 2118 882 2157 bailiff
919 2121 964 2157 of
988 2121 1055 2157 the
1095 2122 1240 2158 Manor
1280 2120 1360 2158 and
1400 2121 1546 2156 Honor
1586 2119 1628 2156 of
1666 2116 1883 2165 Pickering‚

297 2186 376 2224 and
406 2185 552 2223 certain
582 2185 693 2222 small
723 2183 927 2233 occupiers
957 2185 1002 2222 of
1040 2185 1107 2222 the
1137 2184 1332 2233 township
1361 2184 1461 2221 from
1494 2183 1576 2220 sear
1606 2183 1650 2220 of
1680 2181 1739 2219 his
1770 2182 1884 2219 office

298 2251 460 2288 allowed
492 2249 573 2286 him
602 2257 643 2287 to
664 2250 754 2287 take
783 2250 834 2297 by
855 2249 1051 2287 extortion
1071 2251 1138 2287 the
1167 2250 1265 2287 bark
1294 2250 1337 2287 of
1362 2248 1463 2286 their
1490 2248 1610 2298 livery
1631 2249 1726 2286 oaks
1759 2246 1886 2284 which

298 2316 378 2353 had
412 2316 514 2352 been
544 2315 672 2360 felled‚
709 2314 780 2351 but
813 2314 905 2362 they
938 2326 1056 2352 never
1090 2315 1168 2352 had
1203 2315 1270 2352 the
1299 2315 1395 2352 bark
1430 2315 1475 2351 of
1499 2327 1575 2361 any
1596 2314 1640 2351 of
1668 2313 1734 2350 the
1767 2311 1887 2358 livery

299 2380 395 2417 oaks
426 2381 471 2417 of
487 2380 638 2417 Robert
670 2379 720 2416 de
755 2379 1027 2428 Scarborough
1060 2392 1104 2417 or
1137 2380 1313 2416 Thomas
1343 2377 1486 2424 white,
1518 2391 1562 2415 or
1599 2377 1700 2415 their
1728 2378 1885 2415 feoffors

298 2458 343 2483 or
371 2451 571 2482 ancestors
600 2456 642 2481 as
684 2443 776 2492 they
814 2445 938 2493 allege
968 2444 1008 2481 in
1048 2443 1148 2482 their
1177 2443 1304 2490 claim,
1326 2456 1399 2481 nor
1420 2443 1489 2481 did
1510 2443 1603 2491 they
1623 2455 1713 2480 ever
1733 2443 1834 2479 elect
1863 2454 1886 2478 a

299 2509 520 2547 woodward
549 2514 687 2557 except
730 2507 770 2545 in
804 2521 990 2546 common
1025 2507 1115 2546 with
1151 2508 1219 2546 the
1250 2507 1489 2557 neighbours
1521 2508 1600 2545 and
1637 2518 1886 2544 commoners

298 2574 344 2611 of
366 2574 433 2612 the
462 2571 666 2621 township.
728 2573 948 2617 Moreover,
972 2571 1124 2610 neither
1150 2573 1326 2611 Thomas
1360 2572 1410 2610 de
1443 2572 1676 2617 Ebberston,
1709 2583 1782 2608 nor
1812 2583 1888 2618 any

299 2639 412 2677 other
442 2637 647 2687 occupiers
679 2639 724 2675 of
748 2638 815 2676 the
848 2638 961 2675 lands
994 2650 1083 2675 ever
1113 2637 1153 2674 in
1183 2636 1297 2675 times
1332 2644 1429 2686 past,
1460 2650 1560 2676 were
1588 2637 1754 2675 allowed
1787 2635 1887 2674 their

298 2702 433 2740 claims
462 2709 503 2741 to
533 2715 608 2751 any
637 2703 682 2740 of
705 2703 771 2740 the
800 2701 972 2740 liberties
999 2703 1133 2739 before
1163 2714 1239 2750 any
1264 2700 1436 2750 Justices
1466 2703 1510 2740 of
1539 2702 1606 2739 the
1636 2703 1765 2746 forest,
1789 2699 1888 2737 until

297 2767 338 2805 in
367 2768 434 2806 the
467 2768 540 2805 last
561 2766 770 2816 Pickering
805 2768 907 2815 Eyre
938 2766 1091 2804 Robert
1120 2766 1171 2804 de
1191 2767 1359 2815 Wyerne
1390 2767 1469 2804 and
1502 2766 1679 2804 Thomas
1710 2764 1893 2802 Thurnef

297 2832 402 2883 (who
431 2833 512 2871 had
532 2833 625 2881 only
652 2833 766 2881 lately
788 2831 975 2881 acquired
996 2831 1062 2868 the
1095 2831 1225 2880 lands)
1247 2831 1363 2869 made
1383 2829 1483 2869 their
1512 2829 1627 2867 claim
1654 2835 1693 2867 at
1721 2829 1788 2867 the
1808 2829 1888 2867 end

296 2898 340 2934 of
369 2897 435 2935 the
457 2898 571 2946 Eyre,
593 2895 743 2944 craftily
775 2894 991 2945 imagining
1023 2894 1210 2933 mischief
1237 2894 1387 2944 against
1417 2895 1483 2933 the
1512 2894 1631 2943 King,
1661 2893 1701 2931 in
1734 2900 1888 2942 respect

295 2962 341 2999 of
365 2960 424 2998 his
455 2959 664 3006 reversion‚
697 2961 776 2999 and
809 2959 960 3010 against
993 2960 1059 2998 the
1095 2960 1196 3006 Earl‚
1229 2959 1309 2997 and
1340 2959 1488 3009 hoping
1521 2966 1562 2997 to
1596 2970 1758 3007 oppress
1788 2956 1888 2995 their

294 3032 449 3064 tenants
484 3025 523 3063 in
558 3037 757 3072 common,
797 3024 1037 3074 neighbours
1071 3024 1151 3062 and
1183 3035 1435 3062 commoners
1469 3024 1520 3072 by
1554 3023 1690 3061 colour
1717 3022 1760 3060 of
1786 3020 1887 3059 their
