2044 3491
206 224 283 265 142
568 219 741 252 DUCHY
773 218 834 250 OF
867 217 1161 250 LANCASTER
1193 217 1429 249 RECORDS.

199 323 353 360 Fratres
387 318 455 370 qui
489 331 597 357 nunc
630 324 722 356 sunt
757 325 794 356 et
826 316 1002 357 similiter
1033 330 1170 356 omnes
1205 316 1360 355 Priores
1395 322 1433 355 et
1468 317 1621 353 Fratres
1652 312 1793 366 [308b]

199 387 497 436 predecessores
534 383 592 422 sui
631 391 703 422 ete.
741 393 896 432 semper
923 396 946 420 a
978 389 1156 431 tempore
1187 379 1453 420 confeccionis
1488 387 1593 418 carte
1631 378 1798 429 predicti

199 450 321 501 Regis
345 449 511 488 Henrici
532 456 605 487 etc.
629 447 875 486 libertatibus
896 446 1083 497 predictis
1117 447 1236 496 plene
1257 453 1294 485 et
1316 445 1466 495 integre
1495 444 1580 483 sine
1609 443 1798 493 interrup-

199 516 314 555 cione
334 515 395 554 usi
416 522 506 553 sunt
526 521 564 552 et
585 512 716 563 gavisi,
740 520 778 551 et
799 514 875 551 hoc
891 511 1016 562 parati
1037 518 1127 550 sunt
1143 511 1341 550 verificare
1362 523 1430 560 per
1443 522 1582 548 omnes
1597 508 1797 547 ministros

199 583 343 619 foreste
378 587 452 627 ete,
475 586 514 618 et
545 585 683 628 petunt
705 578 814 626 quod
835 577 1033 615 libertates
1055 575 1232 625 predicte
1254 576 1309 614 eis
1330 575 1371 613 in
1391 576 1465 613 hac
1486 581 1595 624 parte
1624 575 1796 612 allocen-

200 654 273 685 tur.
334 647 386 684 Et
424 644 516 694 quia
534 644 690 682 videtur
724 641 956 692 Justiciariis
991 642 1101 691 quod
1137 639 1351 690 expediens
1384 646 1441 677 est
1476 646 1514 677 et
1545 650 1710 676 necesse
1744 638 1796 675 ad

200 709 482 761 inquirendum
504 721 573 758 per
592 707 794 746 ministros
815 706 1014 757 predictos
1037 705 1202 755 qualiter
1237 703 1403 754 predicti
1433 703 1543 741 Prior
1573 710 1611 741 et
1641 704 1797 740 Fratres

200 775 444 815 libertatibus
466 772 653 824 predictis
676 772 736 810 usi
756 779 857 818 sunt,
880 771 972 810 ideo
993 769 1211 820 inquiratur
1231 768 1325 807 inde
1354 767 1495 806 veritas
1516 780 1585 816 per
1615 767 1790 805 eosdem.

202 840 283 890 Qui
303 838 451 878 scilicet
471 836 672 883 forestarii,
694 836 865 875 viridarii
886 843 924 875 et
945 836 1212 885 regardatores
1242 834 1293 871 ad
1316 834 1393 871 hoc
1422 830 1541 881 jurati
1570 837 1609 868 et
1638 829 1798 868 onerati

200 905 340 945 dicunt
374 917 492 954 super
530 909 820 941 sacramentum
861 914 976 939 suum
1010 900 1120 949 quod
1154 897 1322 949 predicti
1355 895 1466 935 Prior
1495 902 1535 934 et
1574 896 1728 933 Fratres
1760 901 1799 932 et

202 982 451 1008 successores
472 967 532 1006 sui
553 966 775 1016 Hospitalis
790 965 969 1015 predicti,
992 965 1126 1014 quoad
1142 964 1220 1002 hoc
1239 963 1349 1012 quod
1370 962 1543 1000 clamant
1558 960 1668 1009 quod
1688 957 1799 997 bosci

201 1048 336 1074 eorum
358 1034 409 1072 ad
430 1046 548 1082 opera
578 1031 700 1080 Regis
721 1032 830 1069 nullo
852 1031 974 1068 modo
1005 1029 1221 1078 capiantur,
1244 1035 1282 1066 et
1315 1027 1450 1076 quoad
1471 1026 1548 1063 hoc
1580 1025 1690 1074 quod
1722 1023 1797 1073 ipsi

199 1099 322 1138 libere
342 1106 380 1137 et
400 1096 638 1136 sufficienter
659 1096 742 1134 sine
764 1094 940 1144 qualibet
956 1093 1167 1132 occasione
1188 1104 1328 1141 capere
1348 1091 1501 1140 possint
1532 1091 1582 1128 de
1612 1089 1797 1128 omnibus

200 1163 330 1204 boscis
364 1162 443 1202 suis
474 1163 525 1200 ad
546 1174 638 1200 usus
659 1162 803 1200 domus
834 1173 904 1198 sue
935 1159 1274 1209 quandocumque
1296 1155 1503 1203 voluerint,
1535 1168 1610 1193 nec
1638 1161 1799 1204 propter

200 1230 278 1268 hoc
311 1228 351 1266 in
381 1227 623 1266 forisfactura
654 1227 704 1265 de
733 1234 844 1264 vasto
880 1226 942 1263 vel
980 1223 1021 1262 in
1051 1221 1322 1261 misericordia
1355 1230 1566 1271 ponantur,
1602 1231 1757 1270 semper
1776 1232 1800 1256 a

200 1302 379 1344 tempore
417 1290 684 1331 confeccionis
722 1297 828 1328 carte
862 1288 1039 1339 predicte
1077 1286 1245 1337 predicti
1281 1286 1402 1336 Regis
1436 1284 1603 1324 Henrici
1638 1291 1676 1322 et
1715 1283 1799 1322 sine

201 1357 494 1408 interrupcione
524 1356 564 1394 in
585 1358 728 1394 foresta
757 1353 830 1393 ista
851 1355 968 1403 plene
997 1359 1035 1391 et
1056 1352 1217 1401 integre
1247 1351 1306 1389 usi
1336 1357 1427 1389 sunt
1459 1357 1497 1389 et
1531 1349 1652 1400 gavisi
1682 1356 1799 1399 prout

200 1423 377 1473 superius
398 1424 578 1460 clamant.
639 1422 689 1459 Et
722 1420 855 1470 quoad
876 1419 952 1456 hoc
973 1418 1081 1467 quod
1116 1418 1287 1455 clamant
1316 1416 1427 1466 quod
1459 1428 1598 1453 omnes
1628 1421 1729 1453 terre
1758 1420 1798 1452 et

201 1495 348 1527 assarta
369 1500 439 1525 sua
459 1493 497 1525 et
526 1485 732 1524 hominum
755 1496 917 1522 suorum
952 1489 1042 1520 sunt
1062 1480 1186 1531 quieti
1209 1481 1259 1519 de
1280 1487 1391 1518 vasto
1413 1486 1449 1518 et
1480 1480 1646 1529 regardo
1677 1484 1716 1517 et
1745 1478 1797 1516 de

200 1554 285 1593 visu
308 1551 598 1591 forestariorum
620 1557 659 1588 et
693 1550 744 1588 de
774 1548 959 1587 omnibus
989 1545 1073 1584 aliis
1103 1543 1459 1583 consuetudinibus
1480 1544 1600 1583 iidem
1631 1541 1800 1581 ministri

202 1618 340 1657 dicunt
361 1618 469 1667 quod
489 1616 611 1654 iidem
633 1614 743 1652 Prior
757 1621 795 1652 et
816 1615 969 1650 Fratres
983 1623 1138 1660 semper
1157 1623 1180 1648 a
1200 1617 1378 1659 tempore
1395 1608 1666 1648 confeccionis
1687 1615 1796 1646 carte

203 1682 378 1734 predicte
399 1683 449 1721 de
470 1681 544 1719 hiis
580 1679 763 1719 omnibus
784 1678 823 1716 in
854 1677 928 1715 isto
962 1676 1106 1714 clamio
1136 1673 1336 1713 contentis
1366 1674 1426 1712 usi
1461 1682 1552 1712 sunt
1583 1673 1623 1711 in
1652 1675 1799 1711 foresta

204 1748 391 1799 predicta,
414 1753 579 1796 excepto
600 1751 754 1783 tantum
775 1743 884 1793 quod
905 1740 1098 1779 forestarii
1118 1741 1297 1789 ejusdem
1320 1740 1463 1777 foreste
1493 1738 1637 1777 facient
1668 1737 1798 1776 visum

204 1814 256 1852 de
275 1811 494 1851 venacione
514 1808 679 1856 domini,
701 1821 792 1846 cum
813 1806 1019 1856 contigerit
1041 1818 1129 1844 eam
1151 1804 1238 1854 capi
1259 1805 1320 1843 vel
1351 1804 1574 1853 aliqualiter
1603 1810 1800 1841 mortuam

204 1876 370 1916 inveniri
391 1876 431 1914 in
466 1875 597 1914 boscis
633 1881 670 1912 et
698 1872 812 1912 terris
842 1870 921 1910 suis
956 1870 1055 1908 infra
1084 1871 1278 1919 forestam.
1339 1870 1390 1907 Et
1421 1869 1554 1918 quoad
1584 1868 1661 1905 hoc
1692 1867 1802 1916 quod

206 1942 327 1980 iidem
350 1941 460 1979 Prior
481 1947 519 1979 et
539 1941 693 1977 Fratres
723 1939 895 1975 clamant
917 1936 1026 1985 quod
1047 1933 1121 1984 ipsi
1152 1935 1203 1973 de
1225 1933 1410 1972 omnibus
1430 1932 1561 1971 boscis
1591 1931 1670 1970 suis
1701 1944 1802 1981 quos

207 2008 355 2045 habent
375 2005 474 2043 infra
502 2012 626 2043 metas
658 2005 801 2040 foreste
830 2007 995 2051 possunt
1029 2006 1217 2037 assartare
1247 2006 1285 2037 et
1315 1998 1494 2036 excolere
1523 1996 1607 2035 sine
1636 1996 1803 2035 licencia

207 2071 330 2121 Regis
363 2071 425 2109 vel
444 2070 635 2108 heredum
671 2079 832 2105 suorum
863 2066 924 2104 vel
954 2064 1188 2103 ballivorum
1223 2076 1397 2110 suorum,
1420 2061 1474 2100 ita
1503 2062 1612 2111 quod
1641 2061 1734 2100 inde
1763 2061 1803 2099 in

206 2211 325 2237 cause
345 2210 388 2236 or
408 2209 540 2245 wrong
559 2196 811 2239 whatsoever,
828 2192 895 2230 the
928 2193 1024 2230 fines
1059 2191 1138 2228 and
1173 2197 1460 2228 amercements
1491 2189 1637 2239 belong
1666 2196 1707 2227 to
1737 2190 1803 2228 the

208 2264 410 2302 Brethren.
468 2261 581 2310 They
602 2272 666 2298 are
686 2258 804 2306 ready
839 2263 879 2294 to
915 2268 1035 2304 prove
1070 2256 1154 2293 that
1188 2254 1296 2303 King
1330 2256 1469 2303 Henry
1505 2255 1583 2292 III.
1619 2254 1669 2303 by
1700 2255 1804 2293 deed

207 2328 373 2378 granted
390 2326 469 2364 and
489 2324 707 2362 confirmed
727 2329 767 2360 to
788 2322 856 2359 the
891 2321 1083 2358 Brethren
1116 2320 1160 2357 of
1192 2320 1244 2356 St.
1267 2319 1375 2367 John
1408 2320 1453 2357 of
1483 2319 1702 2368 Jerusalem
1737 2320 1804 2357 the

207 2391 379 2432 liberties
414 2392 505 2429 thus
538 2388 719 2434 claimed,
742 2385 867 2424 which
902 2391 1014 2434 grant
1049 2384 1218 2422 Edward
1254 2384 1331 2421 .
1366 2383 1573 2432 inspected
1604 2385 1684 2421 and
1713 2397 1805 2421 con-

206 2458 358 2505 firmed,
380 2456 459 2495 and
479 2456 571 2504 they
591 2466 684 2503 pray
703 2452 787 2490 that
808 2449 908 2489 their
928 2448 1063 2487 claims
1084 2462 1173 2497 may
1193 2449 1243 2486 be
1264 2448 1441 2486 allowed.
1499 2449 1564 2485 An
1585 2447 1740 2497 inquiry
1761 2461 1803 2486 as

208 2531 250 2562 to
271 2524 337 2561 the
357 2534 445 2559 user
465 2521 509 2558 of
536 2519 602 2557 the
633 2516 805 2556 liberties
825 2515 856 2553 is
878 2515 1065 2561 directed,
1088 2514 1168 2551 and
1199 2512 1227 2551 it
1261 2512 1292 2550 is
1322 2512 1448 2550 found
1482 2512 1566 2549 that
1595 2512 1663 2550 the
1695 2511 1804 2550 Prior

208 2589 287 2627 and
308 2587 500 2625 Brethren
520 2585 620 2622 have
654 2583 752 2620 from
787 2582 855 2619 the
889 2581 981 2618 date
1013 2580 1058 2617 of
1083 2579 1149 2616 the
1183 2584 1295 2627 grant
1331 2577 1376 2614 of
1407 2575 1515 2626 King
1551 2578 1690 2625 Henry
1722 2578 1801 2614 .

209 2651 381 2701 enjoyed
413 2648 577 2687 without
607 2645 867 2695 interruption
901 2645 968 2682 the
999 2650 1075 2682 two
1106 2641 1278 2680 liberties
1309 2642 1391 2679 first
1423 2640 1601 2679 claimed.
1676 2642 1731 2679 As
1762 2648 1803 2679 to

208 2717 275 2756 the
295 2721 387 2753 next
407 2711 590 2759 liberties,
612 2711 680 2749 the
699 2711 795 2759 Jury
815 2722 882 2757 say
916 2709 999 2746 that
1033 2708 1099 2745 the
1129 2705 1241 2744 Prior
1273 2706 1353 2744 and
1388 2706 1580 2743 Brethren
1611 2705 1712 2743 have
1741 2718 1807 2744 en-

206 2781 328 2832 joyed
348 2780 456 2819 them
478 2778 572 2823 also,
595 2782 735 2824 except
756 2774 848 2823 only
869 2773 953 2810 that
973 2772 1040 2810 the
1060 2772 1243 2809 foresters
1263 2771 1378 2808 make
1398 2769 1495 2808 view
1524 2771 1570 2808 of
1594 2771 1661 2808 the
1683 2771 1806 2808 Earl's

208 2859 334 2896 ganne,
356 2845 468 2883 when
484 2842 514 2881 it
533 2843 710 2891 happens
731 2840 816 2878 that
836 2838 903 2876 the
924 2849 1032 2875 same
1053 2848 1117 2874 are
1137 2836 1257 2873 taken
1278 2849 1321 2874 or
1341 2836 1466 2873 found
1502 2836 1605 2874 dead
1635 2835 1676 2873 in
1705 2835 1806 2873 their

208 2911 343 2949 woods
364 2922 407 2947 or
425 2908 538 2947 lands
557 2905 691 2945 within
711 2905 777 2943 the
797 2904 924 2941 forest.
984 2901 1096 2949 They
1115 2901 1215 2938 have
1235 2901 1319 2938 also
1341 2901 1513 2950 enjoyed
1534 2901 1600 2938 the
1629 2899 1804 2938 liberties

209 2974 378 3013 claimed
398 2974 442 3012 of
456 2971 646 3021 assarting
665 2970 744 3008 and
765 2966 994 3015 cultivating
1013 2965 1118 3012 land,
1140 2965 1220 3003 and
1242 2966 1286 3003 of
1303 2964 1421 3014 being
1441 2963 1525 3014 quit
1556 2966 1604 3002 of
1629 2964 1696 3002 the
1717 2965 1803 3002 law-

210 3039 277 3088 ing
297 3040 342 3077 of
356 3037 455 3077 their
475 3038 573 3086 dogs
590 3050 601 3084 3
628 3036 700 3074 but
721 3047 762 3072 as
782 3040 822 3072 to
843 3032 910 3070 the
944 3029 1060 3068 claim
1091 3036 1133 3067 to
1167 3029 1267 3068 have
1302 3030 1368 3068 the
1399 3036 1685 3075 amercements
1721 3028 1802 3067 and
