2044 3491
771 261 1005 295 COUCHER
1038 261 1181 294 BOOK.
1716 261 1740 303 7
1749 261 1770 303 3

183 364 286 404 Cum
325 374 449 412 nuper
489 361 540 400 ad
578 360 884 410 requisicionem
918 358 976 413 [as
1015 360 1151 398 before
1190 359 1307 397 down
1345 366 1387 397 to
1425 358 1566 397 ultimo
1613 358 1769 412 tenuit],

182 430 548 478 subsequenterque
581 425 844 475 intelligentes
893 425 1002 474 quod
1037 424 1141 462 idem
1188 424 1390 473 Johannes
1431 425 1482 462 de
1522 424 1772 463 Shardelowe

181 491 380 541 premissis
413 503 492 528 una
522 489 740 536 vobiscum,
777 487 915 539 prefati
960 488 1132 527 Ricarde
1162 490 1213 527 de
1250 489 1483 538 Wylughby‚
1521 490 1698 527 Roberte
1733 496 1775 527 et

182 557 397 606 Johannes,
419 555 577 593 duobus
611 555 672 592 vel
707 566 788 592 uno
820 560 992 591 vestrum
1026 553 1217 593 faciendis
1247 566 1386 592 vacare
1420 566 1500 591 non
1523 552 1660 602 potuit,
1682 554 1774 591 loco

183 621 363 669 ejusdem
399 617 511 671 [282]
542 618 735 668 Johannis
770 619 820 657 de
855 618 1105 657 Shardelowe
1140 617 1460 656 constituerimus
1508 630 1590 664 vos,
1626 618 1774 667 prefate

183 685 354 723 Ricarde
383 685 434 723 de
469 685 506 721 la
537 685 633 722 Pole
663 682 930 733 Justiciarium
952 683 1003 721 ad
1037 682 1229 732 premissa
1258 696 1337 721 una
1370 681 1588 730 vobiscum,
1625 683 1774 731 prefate

181 749 354 788 Ricarde
383 750 434 788 de
455 749 687 798 Wylughby,
711 749 887 786 Roberte
921 755 958 786 et
979 749 1196 797 Johannes,
1219 748 1378 786 duobus
1400 747 1462 785 vel
1491 759 1573 784 uno
1603 753 1776 784 vestrum

182 813 363 853 facienda
380 821 418 852 et
439 814 645 863 explenda,
665 821 779 863 prout
800 812 841 851 in
857 811 1019 851 diversis
1036 812 1156 851 literis
1172 811 1315 850 nostris
1333 811 1560 861 patentibus
1575 810 1669 849 inde
1686 824 1778 848 con-

182 879 293 918 fectis
313 878 466 929 plenius
488 879 712 917 continetur
730 894 737 917 ε
759 892 806 916 ac
826 885 905 916 tam
920 877 1059 916 itinere
1073 877 1251 927 predicto
1268 890 1337 926 per
1352 890 1421 914 vos
1438 878 1585 926 prefate
1604 876 1778 914 Ricarde

183 944 234 982 de
254 943 486 993 Wylughby,
509 944 686 982 Roberte
708 950 746 981 et
779 943 984 992 Johannes
1014 942 1154 981 virtute
1184 941 1519 980 constitucionum
1553 948 1776 979 nostrarum

185 1005 219 1059 [?
238 1006 455 1060 literarum]
477 1008 738 1057 predictarum
762 1020 881 1057 quarn
897 1007 935 1045 in
955 1006 1117 1046 diversis
1138 1006 1290 1056 placitis
1312 1006 1412 1045 inter
1426 1007 1618 1056 quosdam
1641 1007 1779 1044 fideles

185 1079 340 1111 nostros
371 1080 410 1111 et
453 1073 550 1111 alios
593 1086 726 1110 coram
757 1072 869 1111 vobis
904 1072 1098 1110 inchoatis
1139 1080 1178 1111 et
1216 1073 1480 1122 processubus
1520 1071 1614 1110 inde
1653 1071 1779 1118 sactis,

186 1144 375 1186 certoque
406 1137 470 1175 die
505 1138 555 1175 ad
605 1137 766 1175 ulterius
797 1137 1098 1187 procedendum
1141 1137 1180 1175 in
1219 1137 1294 1174 hac
1332 1144 1453 1186 parte,
1494 1136 1678 1174 videlicet
1715 1135 1782 1174 die

187 1201 377 1240 Mercurii
397 1201 577 1251 proximo
597 1209 688 1251 post
709 1202 853 1240 festum
873 1200 1130 1240 Ascensionis
1154 1200 1318 1239 Domini
1346 1200 1567 1250 proximum
1597 1199 1783 1250 preterito

185 1279 256 1317 per
284 1279 365 1314 vos,
388 1267 536 1316 prefate
568 1267 772 1316 Johannes
806 1274 844 1304 et
879 1265 1052 1304 Ricarde
1081 1266 1131 1303 de
1165 1265 1203 1302 la
1237 1265 1344 1311 Pole‚
1376 1265 1534 1313 prefixo,
1566 1262 1710 1313 placita
1740 1270 1780 1301 et

189 1343 394 1381 processus
416 1331 592 1381 predicta
612 1344 744 1369 coram
765 1330 879 1369 vobis
898 1329 1123 1380 pendencia
1142 1342 1211 1379 per
1231 1328 1458 1367 absenciam
1489 1335 1671 1374 vestram,
1702 1335 1783 1366 tam

189 1394 327 1445 prefati
357 1396 560 1445 Johannes
593 1402 631 1434 et
670 1395 842 1434 Ricarde
881 1396 931 1434 de
970 1396 1007 1433 la
1047 1395 1153 1441 Pole‚
1196 1407 1315 1443 quam
1353 1392 1493 1443 prefati
1528 1392 1700 1431 Ricarde
1733 1393 1784 1431 de

187 1461 411 1510 Wylughby
431 1468 469 1499 et
490 1462 680 1508 Roberte,
703 1474 750 1500 eo
772 1461 879 1510 quod
911 1468 1006 1499 tunc
1035 1458 1128 1498 alibi
1160 1458 1200 1496 in
1230 1457 1422 1508 obsequio
1454 1464 1589 1496 nostro
1624 1455 1784 1496 stetistis

189 1525 241 1563 de
261 1525 450 1563 mandato
471 1532 618 1572 nostro,
640 1532 912 1563 remanserunt
933 1523 1017 1563 sine
1038 1523 1102 1562 die
1122 1529 1203 1561 tam
1232 1521 1273 1560 in
1307 1521 1427 1572 ipsius
1463 1520 1629 1560 Comitis
1664 1534 1784 1571 quam

190 1589 356 1628 aliorum
376 1589 520 1639 placita
535 1589 709 1639 predicta
726 1587 1075 1639 contingendum*<
1092 1600 1207 1637 grave
1221 1587 1453 1636 dampnum,
1471 1593 1513 1624 ut
1527 1585 1633 1624 idem
1651 1598 1785 1624 comes

190 1654 338 1702 asserit,
373 1654 487 1693 nobis
520 1653 781 1704 supplicando
816 1654 925 1704 quod
960 1654 1011 1692 de
1045 1652 1221 1691 remedio
1256 1651 1297 1689 in
1331 1652 1406 1689 hac
1440 1658 1550 1701 parte
1579 1651 1787 1701 providere

191 1732 372 1758 curemus
393 1727 598 1769 oportuno.
660 1721 745 1758 Nos
759 1720 811 1757 ad
824 1720 900 1757 hoc
917 1719 1027 1769 quod
1043 1717 1187 1768 placita
1201 1723 1239 1755 et
1252 1728 1459 1765 processus
1476 1728 1545 1765 per
1557 1714 1784 1753 absenciam

190 1783 423 1833 hujusmodi
442 1791 480 1823 et
497 1797 577 1823 non
599 1797 647 1823 ex
667 1783 743 1822 alia
772 1797 892 1822 causa
913 1784 996 1822 sine
1017 1783 1081 1822 die
1111 1787 1395 1827 remanserunt,
1418 1779 1787 1818 consideracionem

193 1850 385 1888 habentes
406 1856 444 1888 et
465 1850 644 1888 volentes
665 1862 713 1888 eo
734 1856 914 1899 pretextu
935 1862 985 1887 ne
1006 1849 1147 1887 eadem
1177 1845 1320 1896 placita
1349 1852 1387 1883 et
1417 1857 1624 1894 processus
1661 1843 1789 1882 taliter

193 1915 419 1964 depereant,
442 1913 617 1963 graciose
647 1927 761 1964 agere
794 1914 834 1951 in
869 1915 942 1952 hac
973 1921 1093 1963 parte,
1116 1911 1230 1950 vobis
1262 1911 1498 1949 mandamus
1531 1909 1641 1959 quod
1671 1910 1789 1947 breve

195 1986 374 2017 nostrum
395 1980 467 2017 sub
487 1979 715 2017 testimonio
736 1985 865 2018 vestro
886 1980 1035 2028 prefate
1056 1977 1229 2015 Ricarde
1250 1976 1301 2014 de
1321 1975 1544 2025 Wylughby
1563 1973 1790 2013 vicecomiti

195 2050 330 2081 nostro
352 2042 573 2083 Comitatus
593 2042 759 2093 predicti
780 2042 881 2082 detis
902 2043 943 2081 in
972 2041 1170 2081 mandatis
1194 2042 1304 2091 quod
1335 2040 1479 2090 placita
1516 2046 1555 2078 et
1584 2051 1790 2089 processus

195 2172 302 2209 close
322 2170 404 2209 writ
424 2178 465 2209 to
486 2172 552 2209 the
567 2171 746 2220 Justices.
807 2172 920 2209 After
940 2170 1104 2220 reciting
1122 2183 1165 2208 as
1187 2170 1322 2208 before
1342 2170 1410 2207 the
1430 2167 1595 2218 original
1610 2167 1791 2217 appoint-

195 2243 306 2273 ment
344 2236 388 2273 of
417 2236 484 2275 the
516 2235 686 2285 Justices
720 2237 778 2274 for
810 2235 1018 2285 Pickering
1052 2237 1199 2282 Potest,
1232 2234 1313 2272 and
1344 2234 1411 2272 the
1444 2232 1721 2283 appointment
1751 2232 1796 2271 of

196 2298 374 2338 Richard
394 2300 445 2338 de
464 2300 501 2338 la
522 2301 618 2338 Pole
638 2300 677 2338 in
698 2301 765 2339 the
785 2301 898 2349 place
918 2301 963 2339 of
986 2301 1094 2350 John
1114 2300 1165 2338 de
1196 2299 1445 2338 Shardelowe
1461 2312 1472 2346 3
1501 2298 1580 2336 and
1609 2298 1693 2335 that
1723 2298 1790 2335 the

195 2365 304 2414 pleas
342 2365 422 2403 and
459 2363 718 2415 proceedings
753 2366 798 2404 of
826 2365 893 2404 the
932 2366 1045 2415 Eyre,
1077 2363 1204 2403 which
1238 2363 1318 2401 had
1349 2363 1450 2401 been
1485 2362 1705 2411 adjourned
1748 2369 1790 2400 to

197 2429 459 2478 Wednesday,
485 2442 531 2466 22
564 2430 672 2479 May,
699 2431 811 2478 1336,
843 2431 894 2479 by
913 2430 1021 2479 John
1051 2430 1102 2468 de
1133 2429 1340 2477 Hambury
1360 2428 1440 2466 and
1469 2427 1646 2466 Richard
1676 2428 1727 2466 de
1756 2428 1793 2466 la

199 2493 307 2540 Pole‚
330 2493 408 2531 had
428 2493 572 2547 abated
591 2492 631 2531 in
652 2505 928 2543 consequence
949 2495 994 2532 of
1008 2494 1075 2533 the
1095 2495 1267 2532 absence
1287 2494 1331 2532 os
1339 2493 1389 2530 all
1410 2492 1477 2531 the
1496 2490 1680 2541 Justices,
1701 2492 1790 2530 who

199 2569 299 2596 were
319 2557 514 2606 occupied
534 2558 743 2596 elsewhere
762 2565 802 2596 at
823 2559 888 2596 the
911 2557 1049 2608 King's
1071 2558 1298 2604 command,
1321 2564 1361 2595 to
1383 2557 1450 2594 the
1482 2556 1561 2593 loss
1598 2562 1667 2593 not
1701 2556 1794 2604 only

201 2622 246 2660 of
260 2621 327 2660 the
349 2621 439 2659 Earl
459 2622 530 2660 but
551 2622 596 2660 of
620 2622 751 2661 others
771 2623 901 2661 whom
922 2623 988 2661 the
1008 2623 1116 2672 pleas
1145 2622 1314 2661 affected
1330 2635 1341 2669 3
1370 2621 1449 2658 and
1481 2620 1565 2658 that
1598 2619 1666 2658 the
1702 2620 1795 2658 Earl

201 2686 282 2724 had
302 2685 521 2735 petitioned
540 2687 597 2724 for
617 2686 731 2725 relies
746 2686 786 2724 in
806 2686 883 2725 this
904 2694 1070 2737 respect,
1092 2687 1159 2725 the
1180 2686 1301 2735 King,
1324 2684 1468 2735 having
1489 2685 1627 2734 regard
1657 2690 1698 2722 to
1727 2685 1795 2722 the

203 2751 281 2788 fact
301 2750 384 2787 that
404 2750 470 2788 the
490 2751 597 2799 pleas
618 2751 698 2789 and
718 2751 977 2801 proceedings
998 2752 1099 2790 have
1120 2751 1265 2790 abated
1284 2750 1325 2788 in
1349 2761 1629 2798 consequence
1658 2748 1703 2786 of
1727 2748 1795 2786 the

203 2815 374 2853 absence
394 2814 438 2852 of
452 2814 519 2852 the
539 2814 705 2864 Justices
725 2816 806 2854 and
825 2816 883 2853 for
903 2828 956 2854 no
977 2816 1089 2854 other
1108 2828 1239 2863 cause,
1275 2814 1355 2853 and
1389 2813 1509 2863 being
1543 2811 1696 2861 willing‚
1719 2812 1795 2850 lest

204 2878 297 2927 they
328 2878 472 2916 should
514 2879 604 2916 thus
643 2878 710 2917 fail
756 2887 797 2918 to
835 2886 899 2917 act
936 2879 1166 2929 graciously,
1206 2878 1473 2918 commanded
1520 2876 1697 2914 Richard
1743 2876 1795 2915 de

205 2942 458 2992 Willoughby
478 2948 519 2980 to
538 2941 643 2981 issue
662 2955 685 2981 a
704 2943 786 2982 writ
805 2942 847 2981 in
875 2943 936 2981 his
965 2956 1083 2982 name
1116 2950 1158 2982 to
1192 2944 1259 2982 the
1294 2941 1437 2981 Sheriff
1465 2941 1509 2979 of
1538 2940 1605 2978 the
1636 2946 1793 2989 county‚

207 3006 390 3058 ordering
405 3006 487 3045 him
506 3013 548 3046 to
567 3008 666 3046 have
686 3009 753 3047 the
772 3009 879 3058 pleas
908 3009 986 3047 and
1006 3007 1266 3059 proceedings
1300 3006 1434 3045 before
1462 3005 1530 3044 the
1559 3002 1728 3054 Justices
1756 3011 1797 3044 at

465 3089 479 3104 *
506 3088 560 3120 Sic
576 3088 608 3120 in
626 3087 832 3130 Exchequer.
878 3089 951 3122 The
970 3089 1090 3132 Duchy
1107 3088 1259 3122 Coucher
1274 3087 1333 3120 has
1350 3086 1556 3128 contingunt.
