2044 3491
255 239 333 281 132
616 237 791 270 DUCHY
823 237 884 270 OF
916 236 1207 270 LANCASTER
1239 236 1473 270 RECORDS.

247 337 404 376 fuerunt
424 335 591 387 predicti
610 336 738 383 Alani,
761 335 979 375 manerium
1000 336 1222 386 predictum
1243 334 1394 385 integre
1409 333 1650 385 assignatum
1671 333 1742 373 fuit
1761 333 1836 384 ipsi

247 405 470 453 Margarete
489 410 677 453 tanquam
708 402 748 440 in
769 409 952 452 purparte
983 415 1053 440 sua
1088 408 1405 440 tenementorum
1442 398 1720 449 predictorum.
1781 400 1834 437 Et

245 467 384 507 dicunt
416 469 525 518 quod
559 467 632 517 ipsi
663 474 701 506 et
731 467 906 506 similiter
938 467 1137 517 predictus
1158 467 1308 505 Alanus
1329 472 1368 504 et
1392 478 1531 503 omnes
1561 472 1831 503 antecessores

245 531 366 582 ipsius
399 532 518 570 Alani
547 539 726 571 tenentes
760 532 980 570 manerium
1011 532 1233 581 predictum
1266 544 1290 569 a
1322 537 1500 579 tempore
1521 542 1600 579 quo
1622 542 1702 567 non
1724 536 1829 568 extat

242 597 433 637 memoria
451 597 511 635 usi
532 605 621 635 sunt
641 610 795 646 semper
814 596 1056 635 libertatibus
1078 595 1262 646 predictis
1288 595 1328 633 in
1354 594 1503 633 clamiis
1525 593 1605 633 suis
1625 594 1824 633 contentis

241 669 429 712 tanquam
468 661 752 711 pertinentibus
786 661 961 699 manerio
1000 661 1177 711 predicto
1194 675 1205 709 3
1248 667 1286 698 et
1329 660 1406 697 hoc
1445 659 1568 709 parati
1609 666 1701 697 sunt
1734 659 1829 697 veri-

240 729 358 766 ficare
392 734 506 777 prout
540 726 660 767 Curia
693 725 1008 765 consideraverit.
1069 727 1118 764 Et
1147 725 1240 775 quia
1268 723 1422 762 videtur
1451 723 1683 773 Justiciariis
1718 725 1829 774 quod

241 791 454 841 expediens
476 798 534 830 est
555 798 592 830 et
612 803 773 829 necesse
793 790 845 828 ad
865 789 1143 839 inquirendum
1170 802 1287 839 super
1316 788 1513 839 premissis
1544 788 1599 826 rei
1619 788 1826 827 veritatem

238 864 451 906 antequam
475 857 526 894 ad
546 855 830 894 allocacionem
861 854 992 893 clamii
1025 854 1192 904 predicti
1226 854 1471 904 procedatur,
1495 853 1587 892 ideo
1609 852 1826 903 inquiratur

236 921 330 960 inde
367 921 508 960 veritas
547 934 616 971 per
655 920 853 958 ministros
892 921 1070 968 ejusdem
1109 920 1262 958 foreste.
1322 919 1404 968 Qui
1435 918 1584 957 scilicet
1619 917 1823 966 forestarii,

234 985 406 1024 viridarii
426 993 463 1024 et
483 986 749 1035 regardatores
770 997 885 1034 super
904 985 982 1022 hoc
999 984 1117 1034 jurati
1137 992 1176 1023 et
1196 984 1347 1023 onerati
1377 983 1515 1022 dicunt
1547 996 1665 1032 super
1699 996 1826 1021 sacra-

235 1060 414 1089 mentum
431 1063 544 1088 suum
565 1050 675 1099 quod
696 1049 815 1087 iidem
838 1050 1013 1087 Thomas
1035 1057 1073 1087 et
1097 1051 1316 1099 Margareta
1337 1056 1377 1087 et
1397 1061 1538 1087 omnes
1554 1056 1825 1086 antecessores

234 1115 356 1165 ipsius
379 1117 601 1164 Margarete
621 1121 800 1153 tenentes
819 1113 1039 1152 manerium
1061 1113 1280 1163 predictum
1298 1115 1520 1152 habuerunt
1538 1113 1824 1152 wodewardum

232 1180 274 1218 in
308 1182 431 1219 bosco
465 1193 537 1218 suo
566 1179 745 1229 predicto
767 1179 817 1217 de
839 1179 998 1217 Lokton
1017 1179 1068 1217 ad
1098 1178 1207 1216 illurn
1233 1178 1554 1224 custodiendum,
1578 1185 1615 1216 et
1648 1177 1824 1215 similiter

233 1247 420 1284 foderunt
457 1246 591 1283 turbas
625 1244 666 1282 in
700 1256 810 1281 mora
840 1243 1017 1292 predicta
1052 1252 1090 1282 et
1125 1243 1371 1282 eradicarunt
1402 1243 1594 1289 brueram,
1628 1249 1666 1280 et
1698 1242 1824 1280 dictas

232 1311 365 1349 turbas
385 1317 424 1349 et
445 1310 625 1348 brueram
661 1316 699 1347 et
733 1307 880 1346 siccum
907 1308 1072 1346 boscum
1104 1308 1325 1346 habuerunt
1359 1307 1399 1345 in
1435 1308 1557 1345 bosco
1588 1306 1766 1356 predicto
1787 1314 1826 1345 et

231 1375 496 1414 vendiderunt
512 1381 550 1413 et
566 1374 762 1412 dederunt
782 1386 854 1422 pro
875 1374 1077 1411 voluntate
1098 1385 1178 1420 sua,
1195 1380 1233 1410 et
1254 1371 1431 1410 similiter
1451 1372 1673 1410 habuerunt
1693 1385 1764 1421 pro
1782 1384 1824 1410 se

228 1448 267 1480 et
287 1439 513 1479 tenentibus
534 1438 718 1489 predictis
734 1438 956 1476 housebote
977 1445 1015 1475 et
1036 1436 1195 1475 haibote
1216 1436 1256 1474 in
1277 1435 1481 1474 communi
1495 1437 1618 1474 bosco
1636 1435 1816 1485 predicto

228 1505 449 1544 secundum
480 1503 642 1542 assisam
676 1504 828 1541 foreste.
891 1502 991 1540 Ideo
1023 1502 1157 1551 quoad
1191 1502 1269 1539 hoc
1303 1500 1598 1539 consideratum
1628 1508 1687 1539 est
1708 1501 1818 1550 quod

228 1571 349 1609 iidem
370 1571 547 1608 Thomas
574 1576 612 1607 et
645 1569 865 1617 Margareta
896 1580 943 1605 ea
971 1568 1143 1605 habeant
1170 1573 1208 1604 et
1228 1566 1424 1616 gaudeant
1445 1564 1520 1603 sibi
1541 1573 1580 1604 et
1600 1566 1814 1604 heredibus

227 1635 305 1674 suis
343 1635 631 1684 imperpetuum
671 1634 777 1671 salvo
807 1644 963 1681 semper
992 1632 1077 1681 jure
1109 1639 1182 1669 etc,
1241 1632 1292 1669 Et
1326 1630 1446 1669 iidem
1482 1630 1648 1668 ministri
1677 1633 1811 1681 quoad

225 1699 425 1740 residuum
445 1698 573 1737 clamii
595 1697 760 1748 predicti
780 1696 916 1735 dicunt
936 1697 1045 1746 quod
1066 1695 1256 1734 forestarii
1279 1696 1328 1734 de
1349 1697 1469 1734 feodo
1489 1709 1512 1733 a
1532 1703 1710 1746 tempore
1731 1709 1811 1746 quo

224 1778 306 1804 non
327 1771 431 1803 extat
451 1762 642 1802 memoria
661 1769 839 1811 tempore
873 1759 1033 1799 hiemali
1064 1767 1356 1809 prostraverunt
1376 1760 1546 1799 viridum
1576 1761 1743 1799 boscum
1771 1761 1812 1799 in

224 1830 349 1868 bosco
369 1828 546 1878 predicto
566 1840 637 1877 pro
657 1826 763 1864 victu
785 1830 950 1864 ferarum
977 1826 1060 1864 sine
1081 1825 1247 1864 licencia
1279 1839 1370 1874 sua;
1401 1833 1439 1864 et
1470 1825 1645 1864 similiter
1677 1825 1817 1865 dicunt

225 1895 334 1944 quod
355 1893 475 1932 iidem
497 1893 672 1931 Thomas
699 1899 737 1929 et
762 1893 981 1940 Margareta
1000 1903 1074 1929 nec
1095 1890 1235 1940 aliquis
1257 1904 1325 1929 seu
1360 1889 1481 1940 aliqui
1515 1898 1812 1929 antecessorum

225 1959 348 2010 ipsius
377 1961 597 2008 Margarete
616 1970 793 2007 unquam
814 1963 1104 2006 prostraverunt
1124 1955 1293 1993 viridum
1315 1957 1481 1993 boscum
1503 1955 1576 1993 nisi
1597 1969 1667 2005 per
1686 1955 1814 1994 visum

224 2023 512 2063 forestariorum
535 2030 697 2061 tantum.
757 2022 858 2059 Ideo
893 2033 1010 2070 super
1040 2021 1117 2058 hoc
1151 2019 1444 2058 consideratum
1465 2028 1524 2058 est
1545 2021 1654 2070 quod
1689 2020 1811 2059 iidem

225 2091 401 2128 Thomas
435 2096 474 2127 et
509 2090 730 2138 Margareta
763 2085 884 2124 nichil
916 2087 1073 2135 capiant
1103 2085 1142 2123 in
1173 2086 1249 2123 hac
1279 2092 1400 2134 parte,
1423 2092 1481 2123 set
1502 2083 1580 2123 sint
1609 2084 1649 2123 in
1669 2085 1816 2124 miseri-

225 2154 360 2193 cordia
379 2167 450 2204 pro
471 2154 569 2191 falso
590 2151 734 2190 clamio
755 2164 827 2189 suo
849 2157 921 2190 etc.

225 2287 327 2334 Joan
348 2284 427 2321 and
448 2284 655 2331 Margaret,
678 2281 758 2319 and
778 2279 962 2329 partition
983 2279 1128 2333 having
1148 2281 1250 2317 been
1272 2280 1400 2326 made,
1424 2280 1491 2318 the
1511 2293 1649 2317 manor
1677 2281 1743 2319 fell
1772 2289 1813 2319 to

226 2351 434 2398 Margaret.
493 2348 605 2395 They
626 2358 690 2383 are
718 2345 836 2394 ready
857 2351 898 2382 to
927 2357 1047 2393 prove
1076 2344 1160 2381 that
1181 2345 1282 2381 Alan
1311 2345 1392 2382 and
1412 2343 1471 2381 his
1492 2352 1692 2382 ancestors
1714 2346 1814 2384 have

225 2416 325 2452 from
345 2412 502 2451 ancient
522 2411 616 2449 time
637 2408 837 2448 exercised
857 2409 922 2447 the
942 2407 1062 2457 rights
1083 2408 1263 2447 claimed.
1323 2410 1388 2446 An
1408 2408 1561 2459 inquiry
1582 2409 1613 2447 is
1635 2410 1811 2449 directed

225 2479 305 2517 and
336 2479 403 2516 the
432 2478 527 2526 Jury
547 2476 629 2514 find
659 2475 743 2513 that
776 2474 953 2511 Thomas
985 2473 1066 2510 and
1101 2474 1297 2522 Margaret
1330 2474 1411 2511 and
1442 2474 1509 2511 the
1542 2481 1741 2513 ancestors
1771 2477 1816 2513 of

225 2545 433 2593 Margaret,
458 2540 568 2580 while
588 2538 752 2588 holding
780 2538 847 2576 the
876 2550 1025 2584 manor,
1048 2538 1127 2576 had
1155 2550 1179 2575 a
1206 2538 1428 2576 woodward
1453 2536 1494 2574 in
1518 2537 1618 2576 their
1637 2540 1751 2577 wood
1771 2547 1811 2577 at

225 2609 409 2646 Lockton
429 2614 470 2644 to
491 2606 592 2654 keep
613 2604 653 2651 it,
674 2604 754 2642 and
781 2602 952 2641 likewise
972 2610 1039 2640 cut
1058 2610 1187 2640 turves
1216 2602 1257 2640 in
1286 2603 1352 2641 the
1382 2615 1495 2641 moor
1514 2604 1594 2642 and
1613 2606 1811 2653 'uprooted

224 2673 399 2720 heather,
421 2671 500 2710 and
528 2670 608 2708 had
637 2669 703 2707 the
731 2675 872 2715 turves,
894 2668 1057 2706 heather
1085 2668 1164 2705 and
1193 2668 1263 2717 dry
1283 2668 1399 2706 wood
1426 2667 1467 2705 in
1495 2669 1560 2706 the
1580 2670 1706 2715 wood,
1729 2670 1809 2708 and

225 2739 313 2777 sold
346 2737 426 2775 and
463 2748 559 2785 gave
597 2734 705 2772 them
739 2746 846 2782 away
878 2739 918 2770 at
948 2732 1137 2781 pleasure‚
1173 2732 1253 2770 and
1281 2731 1451 2770 likewise
1481 2732 1560 2770 had
1589 2733 1810 2772 housebote

224 2804 304 2841 and
323 2801 546 2851 hedgebote
574 2799 615 2837 in
643 2799 709 2837 the
739 2810 927 2836 common
955 2796 1070 2834 wood
1099 2803 1139 2835 at
1168 2796 1351 2835 Lockton
1382 2797 1440 2835 for
1469 2797 1705 2836 themselves
1725 2798 1807 2836 and

222 2867 323 2906 their
341 2873 507 2905 tenants.
565 2863 783 2914 Judgment
811 2862 843 2900 is
862 2861 1056 2899 therefore
1076 2860 1191 2910 given
1211 2861 1296 2899 that
1322 2861 1388 2900 the
1408 2861 1614 2900 claimants
1635 2863 1806 2901 succeed

223 2946 275 2971 on
296 2933 406 2971 these
426 2929 568 2981 points.
627 2930 705 2967 But
725 2928 793 2966 the
812 2928 906 2976 Jury
926 2939 992 2975 say
1012 2938 1054 2963 as
1082 2932 1124 2964 to
1153 2926 1219 2964 the
1248 2933 1326 2964 rest
1345 2927 1390 2964 of
1414 2927 1480 2964 the
1501 2927 1615 2964 claim
1636 2927 1719 2965 that
1740 2927 1806 2966 the

222 2998 403 3034 foresters
424 2996 468 3034 of
498 2996 558 3032 fee
578 2994 678 3032 have
698 2993 794 3030 from
825 2990 983 3029 ancient
1011 2990 1107 3028 time
1137 2990 1176 3028 in
1206 2989 1340 3028 winter
1368 2991 1487 3029 felled
1517 3004 1635 3040 green
1668 2992 1743 3030 hue
1763 2992 1804 3030 in

221 3062 289 3099 the
310 3061 424 3099 wood
444 3059 606 3098 without
635 3057 734 3097 their
762 3058 871 3096 leave
901 3057 960 3094 sor
989 3055 1083 3094 food
1112 3056 1171 3093 for
1200 3055 1266 3094 the
1296 3056 1400 3102 deer,
1423 3056 1502 3094 and
1529 3055 1700 3095 likewise
1720 3057 1804 3094 that
