2044 3491
773 229 1008 262 COUCHER
1041 229 1185 261 BOOK.
1722 225 1773 268 71·

187 329 238 368 de
251 329 512 376 Shardelowe,
530 329 750 367 Robertum
766 328 816 366 de
834 327 1090 377 Hungerford
1107 333 1146 365 et
1162 326 1388 376 Johannem
1404 324 1454 362 de
1473 323 1682 371 Hambury
1698 328 1775 360 tres

186 394 248 432 vel
268 395 368 432 duos
390 407 524 432 eorum
545 405 714 443 quorum
745 393 909 431 alterum
939 391 1205 441 predictorum
1227 389 1389 428 Ricardi
1423 395 1462 427 et
1496 386 1689 437 Johannis
1724 387 1774 424 de

186 459 435 497 Shardelowe
454 471 579 496 unum
600 470 685 496 esse
705 458 899 503 volumus,
921 455 1165 506 Justiciarios
1185 455 1237 493 ad
1258 453 1523 492 itinerandum
1553 452 1603 489 ad
1632 449 1775 500 placita

186 524 329 561 foreste
350 523 529 571 ejusdem
551 521 718 561 Comitis
739 522 788 560 de
811 520 995 571 Pikering
1016 520 1055 558 in
1077 520 1278 560 Comitatu
1300 516 1542 556 Eboracensi
1562 530 1584 554 a
1600 523 1776 565 tempore

185 599 265 636 quo
287 588 535 634 Edmundus,
558 599 684 636 nuper
712 599 845 625 comes
877 585 1116 632 Lancastrie‚
1139 592 1250 634 pater
1281 582 1448 632 predicti
1470 580 1640 619 Henrici
1660 581 1773 628 cujus

185 652 297 690 heres
317 651 401 701 ipse
421 659 491 699 est,
514 651 657 700 placita
677 652 820 690 foreste
839 650 880 688 in
911 652 1050 689 eadem
1080 651 1224 688 foresta
1244 648 1385 686 virtute
1405 645 1674 685 concessionis
1697 644 1772 682 sibi

187 728 258 765 per
279 715 488 754 dominum
510 717 554 753 E.
579 729 703 765 nuper
724 717 877 765 Regem
899 715 1043 765 Anglie
1063 728 1180 753 avum
1201 721 1378 752 nostrum
1400 712 1492 750 inde
1513 712 1614 749 facte
1634 709 1774 748 ultimo

187 779 313 818 tenuit
325 794 336 828 3
365 793 412 818 ac
433 781 605 829 prefatus
625 781 828 830 Johannes
849 780 899 818 de
921 780 1172 818 Shardelowe
1201 777 1400 828 premissis
1421 774 1612 814 faciendis
1633 787 1772 812 vacare

187 857 268 883 non
299 843 422 894 possit
453 852 496 883 ut
529 845 767 895 accepimus,
790 858 862 883 nos
895 846 984 883 loco
1021 845 1200 894 ejusdem
1230 841 1424 893 Johannis
1453 842 1504 880 de
1526 840 1776 879 Shardelowe

187 908 463 947 constituimus
484 922 553 948 vos
583 909 850 959 Justiciarium
869 911 921 948 ad
951 909 1138 959 premissa
1167 922 1246 947 una
1276 921 1366 946 cum
1386 905 1566 956 predicto
1588 903 1774 950 Ricardo‚

187 975 369 1013 Roberto
401 982 439 1013 et
471 975 656 1024 Johanne
686 976 737 1013 de
768 975 989 1023 Hambury,
1014 975 1170 1012 duobus
1192 975 1252 1012 vel
1282 986 1363 1011 uno
1398 984 1534 1010 eorum
1565 969 1776 1008 facienda*

186 1037 410 1077 intendatis.
471 1040 711 1078 Mandamus
746 1038 853 1078 enim
884 1038 1034 1077 eisdem
1057 1037 1243 1085 Ricardo,
1267 1039 1446 1076 Roberto
1467 1043 1505 1074 et
1526 1034 1699 1085 Johanni
1729 1034 1779 1072 de

189 1104 398 1154 Hambury
419 1105 529 1153 quod
549 1103 633 1154 ipsi,
656 1105 736 1143 duo
756 1105 818 1142 vel
838 1117 940 1142 unus
957 1116 1093 1142 eorum
1114 1116 1184 1141 vos
1205 1104 1294 1141 loco
1324 1100 1491 1151 predicti
1512 1099 1705 1150 Johannis
1727 1099 1778 1136 de

189 1169 441 1207 Shardelowe
461 1169 512 1207 ad
533 1169 610 1207 hoc
629 1169 670 1206 in
690 1169 842 1206 socium
863 1167 1073 1206 admittant
1094 1167 1194 1205 sicut
1223 1166 1446 1217 predictum
1469 1173 1537 1203 est.
1598 1166 1646 1201 In
1666 1164 1779 1212 cujus

189 1232 245 1272 rei
265 1234 532 1272 testimonium
556 1234 625 1272 has
645 1233 774 1272 literas
795 1240 948 1271 nostras
977 1232 1061 1271 fieri
1095 1231 1258 1270 fecimus
1288 1238 1476 1281 patentes.
1538 1231 1584 1267 T.
1608 1241 1672 1267 me
1692 1228 1778 1278 ipso

189 1300 296 1348 apud
319 1300 599 1349 Knaresburgh
620 1313 644 1336 x
664 1298 728 1336 die
750 1298 862 1336 Febr.
885 1310 990 1335 anno
1011 1297 1120 1346 regni
1140 1295 1263 1334 nostri
1284 1295 1454 1334 decimo.

245 1365 296 1401 Et
318 1376 435 1413 super
454 1365 531 1401 hoc
551 1362 736 1401 dominus
758 1364 845 1400 Rex
867 1361 1068 1400 mandavit
1089 1360 1247 1410 prefatis
1271 1360 1444 1398 Ricardo
1466 1360 1516 1398 de
1545 1358 1778 1408 Wylughby,

190 1428 370 1466 Roberto
391 1428 441 1466 de
464 1427 721 1477 Hungerford
742 1435 780 1465 et
800 1425 974 1476 Johanni
994 1426 1045 1464 de
1072 1425 1285 1474 Hambury,
1304 1424 1462 1462 duobus
1484 1423 1544 1461 vel
1560 1422 1628 1460 uni
1645 1435 1782 1460 eorum

191 1491 309 1531 breve
331 1505 442 1530 suurn
463 1493 643 1530 clausum
665 1491 703 1529 in
726 1493 800 1530 hec
829 1491 957 1530 verba.
1017 1490 1236 1528 Edwardus
1271 1488 1337 1527 dei
1370 1487 1499 1537 gracia
1520 1489 1607 1525 Rex
1627 1486 1781 1536 Anghe,

191 1556 376 1595 dominus
399 1557 593 1595 Hibernie
614 1563 652 1595 et
674 1558 755 1595 dux
776 1554 1021 1607 Aquitannie
1042 1554 1196 1593 dilectis
1218 1561 1256 1592 et
1277 1553 1461 1592 fidelibus
1496 1552 1575 1590 suis
1609 1551 1782 1589 Ricardo

191 1622 242 1660 de
261 1622 494 1671 Wylughby‚
517 1622 696 1659 Roberto
713 1621 763 1659 de
781 1621 1039 1671 Hungerford
1055 1627 1094 1659 et
1113 1618 1289 1669 Johanni
1305 1619 1355 1657 de
1378 1619 1588 1666 Hambury
1603 1618 1778 1655 salutem.

192 1687 294 1726 Cum
334 1699 462 1736 nuper
492 1687 543 1724 ad
577 1685 884 1736 requisicionem
925 1685 1060 1724 dilecti
1100 1682 1385 1734 consanguinei
1429 1690 1467 1721 et
1498 1681 1625 1720 fidelis
1661 1680 1789 1719 nostri*

192 1751 360 1790 Henrici
382 1750 549 1791 Comitis
570 1750 800 1789 Lancastrie
820 1749 1140 1789 constituerimus
1163 1762 1231 1787 vos
1255 1756 1293 1786 et
1324 1748 1515 1786 dilectum
1551 1754 1590 1785 et
1624 1747 1785 1784 fidelem

192 1823 369 1854 nostrum
390 1816 614 1866 Johannem
638 1816 688 1853 de
709 1816 971 1862 Shardelowe‚
994 1821 1070 1852 tres
1091 1821 1130 1852 et
1164 1813 1265 1851 duos
1285 1819 1459 1851 vestrum
1495 1823 1664 1861 quorum
1701 1822 1781 1857 vos,

192 1882 341 1931 prefate
362 1881 544 1927 Ricarde,
576 1882 638 1919 vel
667 1879 888 1930 predictum
918 1880 1142 1929 Johannem
1174 1878 1224 1916 de
1259 1877 1508 1915 Shardelowe
1540 1888 1663 1913 unum
1699 1887 1784 1912 esse

193 1948 385 1993 volumus,
407 1944 650 1995 Justiciarios
671 1946 722 1983 ad
742 1944 1005 1983 itinerandum
1026 1944 1078 1982 ad
1092 1942 1235 1993 placita
1250 1944 1393 1980 foreste
1411 1941 1592 1990 ejusdem
1616 1939 1784 1979 Comitis

194 2010 245 2048 de
266 2009 450 2060 Pikering
471 2009 511 2047 in
533 2009 735 2049 Comitatu
757 2009 1000 2048 Eboracensi
1019 2022 1043 2047 a
1063 2016 1240 2058 tempore
1262 2020 1344 2057 quo
1376 2006 1627 2052 Edmundus‚
1658 2017 1785 2054 nuper

195 2075 342 2114 Comes
365 2074 602 2121 Lancastrie‚
620 2081 731 2124 pater
751 2073 918 2123 predicti
950 2073 1115 2112 Hem-ici
1144 2074 1256 2122 cujus
1285 2072 1398 2110 heres
1428 2070 1512 2120 ipse
1542 2077 1611 2115 est,
1643 2069 1785 2119 placita

194 2140 338 2177 foreste
358 2137 398 2176 in
419 2139 559 2176 eadem
579 2139 723 2176 foresta
743 2137 884 2176 virtute
904 2136 1172 2175 concessionis
1193 2136 1267 2174 sibi
1288 2149 1357 2185 per
1377 2135 1584 2173 dominum
1600 2136 1643 2172 E.
1660 2146 1786 2183 nuper

197 2205 350 2253 Regem
371 2202 513 2252 Anglie
534 2215 651 2240 avum
683 2209 859 2240 nostrum
883 2200 1024 2254 [280b]
1046 2201 1139 2240 inde
1173 2203 1275 2239 facte
1297 2200 1436 2238 ultimo
1457 2199 1607 2247 tenuit;
1636 2212 1682 2237 ac
1702 2212 1785 2248 pre-

196 2270 296 2306 fatus
324 2269 528 2317 Johannes
549 2268 599 2306 de
629 2267 880 2306 Shardelowe
899 2266 1099 2316 premissis
1128 2264 1317 2304 faciendis
1337 2276 1476 2302 vacare
1498 2277 1577 2302 non
1600 2263 1722 2313 possit
1742 2270 1785 2302 ut

196 2333 432 2383 accepimus,
455 2340 493 2372 et
513 2345 585 2370 nos
606 2333 695 2371 loco
717 2333 897 2382 ejusdem
918 2331 1110 2382 Johannis
1132 2332 1181 2370 de
1198 2330 1449 2369 Shardelowe
1465 2327 1785 2367 constituerimus

197 2397 385 2437 dilectum
420 2405 458 2437 et
489 2399 648 2437 fidelem
680 2404 856 2436 nostrum
889 2396 1108 2434 Ricardum
1141 2396 1192 2433 de
1226 2395 1263 2432 la
1295 2394 1391 2432 Pole
1433 2392 1700 2442 Justiciarium
1735 2394 1787 2431 ad

198 2528 446 2568 Shardelowe
480 2539 556 2565 was
589 2533 657 2564 too
688 2526 809 2563 much
842 2523 1038 2574 occupied
1068 2530 1109 2562 to
1152 2522 1201 2561 be
1232 2522 1320 2560 able
1362 2528 1404 2559 to
1441 2527 1505 2559 act
1543 2533 1584 2558 as
1623 2519 1784 2569 Justice,

197 2592 413 2643 appointed
432 2590 526 2638 him,
549 2589 725 2628 Richard
744 2590 795 2628 de
815 2590 852 2628 la
872 2590 979 2636 Pole,
1003 2588 1043 2626 in
1062 2588 1129 2626 the
1148 2588 1260 2636 place
1277 2587 1321 2624 of
1335 2585 1443 2634 John
1457 2585 1507 2623 de
1523 2584 1784 2631 Shardelowe,

198 2664 239 2695 to
259 2663 323 2696 act
342 2655 432 2695 with
454 2655 630 2693 Richard
651 2655 701 2693 de
727 2653 988 2703 Willoughby‚
1012 2653 1164 2691 Robert
1193 2652 1243 2690 de
1275 2649 1540 2699 Hungerford,
1571 2649 1651 2686 and
1681 2648 1788 2697 John

199 2722 250 2760 de
272 2722 488 2770 Hambury.
545 2720 633 2758 The
654 2720 763 2758 three
782 2718 1101 2757 last-mentioned
1121 2728 1219 2754 were
1248 2714 1425 2754 directed
1454 2721 1495 2752 to
1526 2711 1678 2751 receive
1705 2711 1787 2750 him

200 2798 242 2824 as
261 2784 361 2824 their
381 2785 506 2823 fellow
534 2783 574 2821 in
604 2784 671 2822 the
700 2783 811 2833 place
845 2784 890 2821 of
917 2782 1024 2832 John
1058 2781 1109 2820 de
1141 2780 1402 2820 Shardelowe.
1462 2779 1594 2816 Dated
1619 2778 1790 2814 Knares-

200 2849 390 2900 borough,
417 2862 463 2886 10
494 2848 702 2897 February,
738 2849 850 2897 1336.
907 2849 944 2885 A
973 2848 1078 2885 close
1112 2845 1194 2884 writ
1227 2845 1306 2883 had
1327 2845 1409 2882 also
1430 2843 1530 2881 been
1552 2841 1728 2880 directed
1748 2848 1789 2879 to

247 2955 262 2971 *
287 2954 360 2986 The
376 2952 546 2994 following
561 2953 668 2984 words
691 2963 746 2984 are
769 2952 907 2984 omitted
935 2963 971 2984 as
993 2961 1132 2994 appears
1159 2950 1243 2982 from
1270 2950 1325 2981 the
1351 2950 1468 2980 Patent
1486 2946 1791 2978 R011s2—“etex-

202 3006 323 3048 plenda
349 3005 383 3036 in
410 3005 514 3036 forma
541 3004 712 3045 predicta3
745 3009 778 3036 et
805 3005 880 3036 ideo
906 3004 999 3036 vobis
1027 3003 1223 3034 mandamus
1249 3001 1339 3042 quod
1365 3000 1408 3031 ad
1438 2998 1596 3040 premissa
1626 3008 1692 3030 una
1716 3008 1791 3030 cum

201 3056 357 3099 predictis
374 3056 530 3095 Rieardo,
551 3055 698 3088 Roberto
715 3060 746 3088 et
760 3056 922 3098 Johanne,
944 3055 1072 3087 duobus
1088 3054 1140 3086 vel
1157 3064 1222 3085 uno
1239 3062 1351 3085 eorum
1369 3049 1552 3082 facienda.'’
