2044 3491
314 228 369 270 34
678 228 854 262 DUCHY
885 228 947 261 OF
979 227 1269 262 LANCASTER
1303 227 1538 262 RECORDS.

370 327 474 364 Item
494 332 721 375 presentant
741 327 852 375 quod
879 325 1037 375 Juliana
1058 326 1234 364 Bernard
1254 338 1332 376 que
1352 325 1450 364 obiit
1471 324 1576 375 cepit
1596 336 1715 362 unam
1736 321 1902 361 viridem

316 403 507 440 quercum
527 389 676 429 ibidem
697 390 801 429 infra
816 390 1061 429 dominicum
1083 390 1204 440 precii
1225 391 1399 429 obolum.
1459 391 1560 428 Ideo
1580 388 1700 427 iidem
1721 393 1903 425 tenentes

316 456 535 494 eorundem
564 455 835 494 viridariorum
865 456 1133 505 respondeant
1163 456 1214 493 de
1247 454 1382 504 precio
1410 454 1524 492 viridi
1555 451 1724 503 predicti
1758 458 1798 490 et
1831 463 1903 500 pro

316 521 559 559 forisfactura
589 521 769 570 ejusdem
796 519 867 570 vjd,
902 521 954 559 ad
989 533 1158 570 quorum
1192 533 1332 558 manus
1377 519 1620 558 forisfactura
1649 524 1688 556 et
1725 515 1902 566 precium

316 586 494 636 predicta
513 585 753 625 devenerint.

373 652 476 689 Item
510 657 738 700 presentant
772 649 882 699 quod
913 650 1065 687 Aldusa
1098 648 1177 687 filia
1195 647 1381 686 Willelmi
1417 649 1536 687 Dobe
1565 659 1642 697 que
1671 635 1768 684 obiit
1798 643 1903 694 cepit

317 715 461 754 virides
499 728 628 753 ramos
662 712 820 754 ibidem
842 714 942 752 infra
973 713 1221 752 dominicum
1252 713 1374 763 precii
1407 713 1582 751 obolum.
1641 711 1742 749 Ideo
1781 709 1903 747 iidem

318 787 499 819 tenentes
520 781 739 818 eorundem
760 778 1031 817 viridariorum
1062 779 1330 828 respondeant
1360 778 1410 816 de
1440 776 1572 826 precio
1592 773 1707 813 viridi
1737 772 1903 823 predicti

320 853 358 884 et
397 858 467 895 pro
506 845 751 883 forisfactura
793 845 973 892 ejusdem
1012 842 1082 893 vjd,
1119 844 1169 882 ad
1208 856 1375 893 quorum
1413 854 1552 880 manus
1586 839 1832 879 forisfactura
1865 844 1904 876 et

322 910 499 961 precium
519 909 696 960 predicta
716 908 955 948 devenerint.

375 977 479 1013 Item
514 981 743 1024 presentant
777 974 885 1022 quod
919 974 1050 1011 Adam
1081 971 1182 1010 filius
1213 971 1364 1010 Almoti
1397 972 1448 1010 de
1482 972 1613 1021 Egton
1645 969 1748 1019 cepit
1783 980 1904 1006 unam

319 1039 484 1078 viridem
507 1051 696 1088 quercum
717 1037 757 1075 in
780 1038 1009 1076 Wheledale
1030 1037 1129 1075 infra
1149 1036 1393 1075 dominicum
1422 1035 1544 1085 precii
1564 1033 1640 1084 iiijd
1661 1041 1699 1072 et
1719 1033 1904 1071 dimissus

319 1104 392 1142 suit
425 1116 493 1153 per
524 1109 828 1151 manucaptores
862 1115 987 1152 usque
1019 1102 1070 1140 ad
1104 1101 1266 1139 assisam
1296 1101 1423 1148 istam,
1446 1100 1513 1150 qui
1543 1100 1666 1137 modo
1695 1111 1777 1136 non
1797 1096 1905 1135 venit

318 1182 394 1207 nec
414 1168 520 1218 prius
542 1181 582 1206 se
603 1166 787 1205 reddidit.
848 1167 949 1205 Ideo
970 1168 1020 1205 ad
1047 1166 1243 1216 judicium
1264 1167 1314 1205 de
1335 1165 1683 1214 manucaptoribus
1704 1163 1792 1201 suis.
1853 1163 1905 1200 Et

317 1234 517 1284 predictus
548 1234 679 1271 Adam
709 1231 967 1285 respondebit
997 1230 1162 1270 domino
1192 1231 1242 1269 de
1269 1230 1402 1280 precio
1422 1229 1535 1268 viridi
1565 1228 1731 1279 predicti
1760 1235 1798 1266 et
1834 1239 1905 1276 pro

319 1299 562 1338 forisfactura
584 1298 763 1348 ejusdem
784 1296 863 1346 iiijs.
924 1298 1068 1335 Postea
1088 1303 1274 1335 testatum
1295 1303 1353 1334 est
1374 1296 1483 1345 quod
1513 1300 1815 1343 manucaptores
1845 1291 1905 1330 sui

317 1364 509 1403 obierunt.
570 1364 670 1401 Ideo
692 1362 812 1400 nichil
832 1361 991 1400 ulterius
1012 1363 1062 1400 de
1083 1360 1148 1400 eis.
1480 1390 1483 1393 .

374 1431 478 1468 Item
511 1435 740 1478 presentant
769 1428 878 1477 quod
907 1428 1111 1476 Johannes
1143 1425 1277 1465 Gentil
1306 1427 1356 1464 de
1387 1426 1557 1474 Aslacby
1576 1423 1644 1474 qui
1673 1422 1772 1462 obiit
1801 1421 1905 1471 cepit

319 1508 439 1533 unam
461 1494 626 1532 viridem
658 1506 844 1543 quercum
879 1493 919 1530 in
952 1492 1137 1531 Gundale
1167 1491 1266 1529 infra
1295 1490 1540 1529 dominicum
1575 1488 1697 1539 precii
1728 1486 1775 1537 jd,
1798 1488 1905 1525 unde

320 1562 541 1609 Margareta
561 1571 658 1596 uxor
678 1559 762 1608 ejus
783 1565 821 1596 et
842 1556 1037 1595 executrix
1051 1555 1275 1594 testamenti
1295 1555 1417 1605 ipsius
1437 1553 1631 1605 Johannis
1651 1551 1906 1603 respondebit

319 1626 369 1663 de
391 1623 522 1673 precio
543 1622 656 1661 viridi
677 1621 842 1672 predicti
863 1629 901 1660 et
922 1635 993 1671 pro
1015 1620 1262 1659 forisfactura
1282 1621 1461 1670 ejusdem
1482 1618 1566 1669 xijd.

375 1687 517 1741 [266b]
549 1690 650 1726 Item
690 1693 917 1737 presentant
949 1686 1057 1735 quod
1086 1685 1303 1723 Willelmus
1335 1685 1525 1723 Shaketre
1560 1683 1628 1734 qui
1671 1682 1768 1722 obiit
1802 1680 1906 1731 cepit

319 1753 468 1792 ibidem
513 1766 632 1790 unam
681 1751 846 1790 viridem
894 1763 1085 1800 quercum
1119 1749 1218 1787 infra
1262 1749 1507 1787 dominicum
1547 1748 1668 1798 precii
1708 1747 1754 1798 jd,
1800 1748 1906 1785 unde

321 1818 524 1856 Henricus
543 1818 723 1855 Hokerel
739 1824 877 1854 tenens
899 1824 1086 1854 terrarum
1107 1822 1145 1853 et
1166 1821 1482 1853 tenementorum
1504 1827 1580 1863 que
1609 1814 1766 1851 fuerunt
1786 1811 1905 1861 ipsius

322 1882 507 1921 Willelmi
553 1881 809 1932 respondebit
853 1882 904 1920 de
931 1880 1064 1931 precio
1107 1879 1220 1919 viridi
1260 1879 1426 1929 predicti
1467 1887 1505 1918 et
1547 1892 1619 1929 pro
1663 1878 1907 1917 forisfactura

321 1949 500 1998 ejusdem
521 1947 606 1997 xijd.

377 2078 532 2129 Juliana
549 2078 737 2124 Bernard,
754 2077 961 2123 deceased,
979 2077 1075 2114 took
1091 2090 1112 2114 a
1125 2090 1244 2126 green
1260 2078 1336 2116 oak
1353 2077 1461 2116 there
1475 2076 1608 2116 within
1624 2077 1690 2115 the
1703 2077 1905 2122 demesne,

323 2146 438 2182 value
460 2142 513 2193 -ξᾶ,
573 2142 669 2180 Fine
688 2141 741 2180 od.
801 2143 888 2179 The
910 2154 1016 2180 same
1036 2155 1200 2191 persons
1220 2143 1463 2192 responsible
1480 2144 1538 2181 sor
1550 2143 1618 2181 the
1631 2154 1738 2180 same
1753 2153 1902 2179 reason.

377 2210 538 2255 Aldusa,
571 2207 762 2256 daughter
796 2207 841 2244 of
865 2205 1034 2243 William
1068 2207 1201 2253 Dobb,
1237 2208 1444 2254 deceased,
1476 2208 1572 2245 took
1606 2219 1724 2256 green
1755 2206 1907 2254 boughs

323 2274 434 2311 there
465 2271 597 2310 within
633 2272 700 2309 the
732 2271 932 2317 demesne,
965 2271 1078 2308 value
1111 2269 1165 2320 {⁶¹-
1226 2270 1324 2309 Fine
1358 2270 1413 2309 ὀᾶ.
1471 2272 1559 2309 The
1598 2284 1705 2309 same
1743 2282 1907 2320 persons

324 2336 570 2387 responsible
591 2336 650 2373 for
670 2336 737 2373 the
758 2347 866 2373 same
885 2347 1036 2372 reason.

377 2403 520 2447 Adam,
543 2413 615 2438 son
647 2400 692 2437 of
714 2399 887 2446 Almote,
922 2399 967 2436 of
992 2400 1133 2448 Egton‚
1165 2400 1263 2438 took
1296 2412 1318 2438 a
1349 2412 1466 2449 green
1499 2400 1575 2437 oak
1607 2398 1648 2437 in
1677 2398 1908 2437 Wheeldale

324 2466 457 2505 within
477 2466 544 2504 the
564 2465 765 2511 demesne,
786 2464 899 2501 value
920 2462 977 2510 4d‚
999 2464 1079 2501 and
1113 2477 1189 2501 was
1218 2465 1272 2502 let
1301 2472 1369 2502 out
1401 2477 1453 2502 on
1487 2463 1574 2502 bail.
1637 2464 1704 2501 He
1737 2463 1807 2500 has
1837 2470 1906 2501 not

323 2530 582 2570 surrendered
603 2530 682 2567 and
703 2530 799 2567 does
819 2535 890 2566 not
910 2540 1065 2576 appear.
1123 2529 1184 2566 To
1211 2528 1421 2577 judgment
1441 2527 1531 2566 with
1562 2527 1622 2565 his
1643 2526 1731 2573 bail,
1754 2527 1834 2565 and
1853 2527 1905 2565 he

323 2597 355 2634 is
375 2593 629 2644 responsible.
690 2593 787 2631 Fine
807 2599 856 2639 4⁵.
915 2592 1151 2630 Afterwards
1172 2591 1202 2630 it
1221 2604 1386 2641 appears
1406 2592 1490 2630 that
1509 2591 1568 2630 his
1589 2591 1668 2630 bail
1696 2603 1762 2630 are
1783 2591 1898 2638 dead,

324 2661 518 2699 therefore
538 2657 798 2708 proceedings
817 2655 967 2706 against
988 2656 1095 2694 them
1115 2668 1179 2694 are
1199 2657 1345 2706 stayed.

379 2724 485 2775 John
518 2723 673 2768 Gentle,
707 2722 752 2759 of
775 2720 948 2770 Aislaby,
980 2720 1186 2767 deceased,
1220 2721 1315 2758 took
1348 2733 1371 2758 a
1403 2732 1523 2770 green
1553 2720 1629 2758 oak
1657 2718 1698 2757 in
1719 2720 1904 2758 Gundale

323 2789 457 2828 within
487 2789 555 2826 the
588 2788 788 2832 demesne,
810 2786 924 2824 value
961 2783 1011 2822 1⁶³.
1074 2786 1282 2834 Margaret,
1314 2785 1374 2824 his
1410 2785 1495 2824 wife
1529 2785 1609 2824 and
1643 2784 1851 2832 executrix‚
1872 2784 1904 2823 is

325 2852 579 2903 responsible.
639 2850 736 2889 Fine
762 2857 806 2888 1⁵.

377 2918 547 2956 William
583 2916 806 2961 Shaketree,
839 2915 1045 2961 deceased,
1078 2913 1175 2952 took
1208 2926 1230 2951 a
1267 2925 1387 2962 green
1421 2914 1497 2952 oak
1531 2913 1641 2952 there
1672 2911 1806 2951 within
1839 2912 1907 2951 the

325 2986 523 3029 demesne,
555 2983 666 3020 value
710 2979 760 3018 1‘1.
820 2978 897 3017 His
936 2990 1149 3025 successor,
1183 2978 1321 3026 Henry
1352 2977 1556 3025 Hokerell‚
1588 2977 1620 3016 is
1648 2975 1904 3026 responsible.

325 3047 422 3085 Fine
447 3054 491 3084 1⁵.
