2044 3491
795 208 1027 241 coUCHER
1059 208 1202 241 BOOK.
1720 217 1734 245 1
1746 206 1768 245 8
1778 214 1797 257 5

209 316 344 342 eorum
384 317 425 343 se
463 305 573 354 xxxvj
615 318 733 343 manu
766 305 972 344 hominum
1006 313 1044 344 et
1082 312 1222 355 petunt
1257 318 1298 345 se
1332 307 1382 345 ad
1413 307 1491 346 hoc
1521 309 1687 348 admitti.
1749 313 1801 349 Et

208 368 299 418 quia
319 368 484 407 ministri
503 369 613 408 istius
633 370 775 407 foreste
795 377 987 407 testantur
1008 371 1115 419 quod
1137 369 1243 408 idem
1264 370 1483 410 Willelmus
1518 373 1620 412 filius
1652 375 1800 424 Rogeri

206 439 245 471 et
274 433 339 471 alii
370 441 459 471 sunt
491 435 703 483 burgenses
736 433 826 472 ville
860 433 1047 483 predicte,
1070 447 1144 472 nec
1178 441 1236 472 est
1269 443 1516 484 compertum
1552 439 1662 486 quod
1697 438 1803 488 capti

206 499 363 536 fuerunt
410 511 500 536 cum
547 511 789 548 manuopere
827 498 923 547 per÷÷
953 498 1155 537 viridarios
1195 506 1232 537 et
1271 500 1507 548 forestarios,
1548 501 1639 540 ideo
1678 503 1799 542 iidem

206 561 424 600 Willelmus
444 563 544 600 filius
566 561 713 611 Rogeri
729 569 766 599 et
787 561 852 599 alii
871 561 1130 600 admittuntur
1149 563 1200 601 ad
1222 575 1263 601 se
1295 563 1570 603 defendendos
1606 565 1645 603 in
1676 567 1801 606 forma

205 626 391 675 predicta,
414 627 596 666 videlicet
617 626 783 677 quilibet
803 640 938 665 eorum
959 639 1000 664 se
1020 628 1131 675 xxxvj
1157 639 1276 665 manu
1299 628 1507 666 hominum
1530 636 1602 668 etc.
1656 632 1801 669 Postea

204 691 312 730 venit
331 692 529 741 predictus
550 692 769 730 Willelmus
790 691 892 729 filius
922 690 1070 741 Rogeri
1101 699 1139 729 et
1169 692 1289 729 finem
1323 693 1415 731 fecit
1448 706 1518 743 pro
1553 703 1799 735 sacramento

205 757 417 795 relaxando
438 770 506 807 per
535 759 548 807 j
580 770 751 795 marcam
773 766 810 795 et
831 756 1051 794 admittitur
1071 769 1140 806 per
1168 756 1340 806 plegium
1372 757 1555 796 Willelmi
1589 760 1732 798 Warde
1762 768 1801 799 et

205 821 362 860 Thome
384 825 486 869 Bret,
509 830 547 861 et
567 821 766 872 predictus
796 822 998 871 Johannes
1033 821 1133 859 filius
1166 822 1314 871 Rogeri
1346 821 1522 860 similiter
1554 824 1673 862 finem
1707 825 1800 864 fecit

203 899 275 935 pro
296 894 542 926 sacramento
563 887 773 925 relaxando
795 899 864 935 per
883 887 895 935 j
919 899 1089 924 marcam
1110 892 1149 924 et
1169 885 1390 924 admittitur
1419 900 1488 937 per
1517 888 1688 938 plegium
1718 903 1801 939 pre-

204 951 365 998 dictum,
383 959 420 990 et
442 951 638 1001 predictus
659 951 874 990 Willelmus
896 951 996 989 filius
1018 951 1135 989 Alani
1157 953 1193 990 le
1215 953 1351 991 Carter
1370 951 1545 990 similiter
1565 953 1682 991 finem
1705 954 1799 992 fecit

203 1029 275 1065 pro
297 1024 542 1055 sacramento
571 1017 784 1055 relaxando
804 1029 875 1066 pro
890 1014 948 1053 xld
970 1029 1037 1066 per
1066 1015 1239 1066 plegium
1274 1016 1506 1066 predictum,
1530 1024 1568 1055 et
1597 1017 1796 1067 predictus

203 1080 449 1131 Reginaldus
491 1080 667 1120 similiter
701 1080 791 1120 fecit
829 1082 948 1119 finem
981 1093 1051 1130 per
1082 1080 1288 1120 dimidiam
1322 1095 1495 1120 marcam
1525 1095 1596 1132 per
1623 1083 1796 1133 plegium

202 1146 435 1196 predictum.

204 1298 253 1333 26
287 1298 392 1346 May,
420 1310 531 1345 1311,
554 1298 673 1336 taken
704 1304 780 1335 two
814 1296 940 1335 bucks
961 1296 1041 1334 and
1064 1309 1088 1334 a
1104 1308 1190 1334 sore
1211 1294 1251 1333 in
1272 1297 1413 1346 Scalby
1434 1298 1539 1347 Hay,
1562 1298 1652 1336 with
1673 1299 1792 1346 bows,

201 1374 354 1408 arrows,
376 1363 593 1401 crossbows
623 1363 704 1401 and
733 1363 809 1400 five
838 1361 1101 1411 greyhounds‚
1125 1361 1170 1399 of
1194 1359 1320 1399 which
1342 1368 1416 1399 two
1438 1374 1536 1400 were
1566 1363 1695 1410 black‚
1717 1370 1794 1401 two

200 1425 329 1473 white,
351 1427 431 1464 and
452 1439 530 1465 one
550 1428 631 1466 red.
690 1428 805 1477 They
826 1427 895 1464 ask
918 1432 958 1464 to
979 1426 1030 1464 be
1059 1424 1271 1475 permitted
1305 1433 1346 1464 to
1379 1425 1549 1465 exercise
1571 1427 1670 1466 their
1690 1427 1794 1477 right

200 1492 245 1529 of
270 1490 489 1541 acquitting
525 1492 762 1531 themselves
797 1492 848 1540 by
881 1491 950 1529 the
984 1491 1078 1528 oath
1126 1491 1171 1529 of
1205 1490 1407 1540 thirty-six.
1486 1491 1726 1530 Permission
1759 1492 1791 1531 is

199 1557 363 1605 granted
380 1570 390 1604 3
418 1557 641 1595 afterwards
662 1558 753 1606 they
773 1569 920 1606 appear
939 1556 1018 1594 and
1039 1568 1133 1605 pray
1147 1562 1188 1593 to
1212 1556 1263 1594 be
1279 1556 1449 1594 allowed
1470 1562 1510 1593 to
1532 1557 1766 1606 compound
1780 1571 1791 1605 3

200 1618 370 1656 William
390 1632 462 1657 son
483 1620 528 1657 of
558 1621 692 1669 Roger
721 1620 800 1658 and
829 1620 937 1668 John
969 1633 1042 1658 son
1077 1621 1122 1658 of
1152 1621 1286 1669 Roger
1315 1621 1548 1669 compound
1568 1622 1627 1659 for
1651 1628 1714 1670 13S
1734 1620 1792 1670 4⁴1,

199 1681 370 1720 William
392 1695 464 1721 son
483 1684 527 1721 of
555 1684 658 1721 Alan
689 1684 749 1721 for
780 1691 819 1732 3⁵
848 1682 903 1732 4⁶¹,
939 1685 1018 1723 and
1051 1684 1250 1735 Reginald
1280 1686 1340 1723 for
1360 1686 1399 1722 6¹S
1419 1683 1473 1724 Sd.
1534 1685 1708 1725 Sureties
1730 1687 1792 1725 for

200 1747 311 1794 each,
333 1747 504 1786 William
525 1748 646 1786 Ward
666 1749 746 1787 and
766 1749 944 1787 Thomas
966 1751 1069 1788 Bret.

281 1844 296 1860 *
323 1844 362 1875 In
379 1844 434 1876 the
452 1844 648 1886 Exchequer
664 1844 817 1877 Coucher
834 1845 889 1878 the
906 1846 1003 1878 order
1018 1846 1045 1878 is
1061 1845 1221 1879 inverted.
1270 1846 1303 1879 A
1320 1847 1347 1878 B
1364 1851 1423 1889 put
1439 1858 1516 1880 over
1533 1848 1587 1880 the
1604 1849 1722 1881 words.
