2044 3491
810 257 1044 289 COUCHER
1077 257 1218 289 BOOK.
1732 263 1814 305 139

219 352 529 402 Justiciariorum
550 351 817 402 predictorum
849 353 942 391 alibi
981 355 1032 392 de
1071 354 1261 392 mandato
1299 353 1462 391 Domini
1492 355 1615 405 Regis
1646 357 1812 395 existen-

221 418 337 463 cium,
372 419 424 457 ad
457 419 754 468 procedendum
791 419 952 457 ulterius
1000 427 1088 466 etc.,
1128 425 1246 469 prout
1277 426 1347 456 ete.
1438 420 1489 456 Et
1530 421 1652 458 modo
1701 423 1809 471 apud

222 483 418 533 Pikeryng
465 495 599 521 coram
646 483 805 531 prefatis
853 484 1030 522 Ricardo
1079 485 1129 522 de
1176 484 1404 533 Wylughby
1444 491 1482 522 et
1529 485 1715 532 Johanne
1763 488 1814 525 de

223 549 431 598 Hambury
450 547 680 597 Justiciariis
701 547 882 597 predicto
911 548 975 587 die
1011 550 1125 587 Lune
1159 547 1339 598 proximo
1375 556 1463 598 post
1497 549 1640 587 festum
1671 551 1807 589 Sancti

219 613 382 651 Andree
402 612 509 650 venit
530 611 731 662 predictus
761 612 897 650 Abbas
926 613 1193 651 resumonitus
1227 613 1268 650 in
1299 613 1457 663 propria
1483 627 1653 663 persona
1682 629 1751 654 sua
1773 625 1811 655 et

221 677 319 726 petit
336 676 531 727 judicium
553 690 667 726 super
687 676 888 715 veredicto
918 677 1047 715 clamii
1078 677 1138 716 sui
1172 678 1347 727 predicti.
1408 680 1459 717 Et
1488 679 1582 728 quia
1603 680 1811 720 manifeste

218 742 342 792 liquet
364 742 480 781 Curie
501 755 571 791 per
590 749 737 780 cartam
773 742 926 780 domini
960 742 1080 792 Regis
1116 742 1284 781 Henrici
1318 743 1537 792 predictam
1568 746 1678 794 quod
1698 745 1806 784 idem

220 808 357 845 Abbas
377 814 416 846 et
437 820 575 845 omnes
596 807 775 845 Abbates
795 806 874 845 loci
894 806 996 845 illius
1027 809 1326 857 predecessores
1358 809 1525 858 predicti
1555 810 1722 848 Abbatis
1744 811 1813 861 qui

220 885 329 910 nunc
357 879 426 919 est,
450 871 573 922 quieti
602 885 688 910 esse
718 872 866 910 debent
900 871 940 909 in
970 880 1081 911 vasto
1115 881 1153 911 et
1185 881 1342 923 pastura
1372 874 1509 912 subtus
1541 874 1746 925 Pikeryng,
1770 876 1810 914 in

221 937 364 986 quibus
384 936 558 975 maneria
586 936 764 986 predicta
793 937 915 975 modo
945 936 1087 975 situata
1121 945 1222 985 sunt,
1257 940 1307 977 de
1342 939 1529 978 omnibus
1559 941 1697 991 geldis,
1720 955 1812 980 con-

220 1001 493 1040 suetudinibus
514 1009 553 1040 et
573 1001 737 1051 placitis,
771 1009 809 1040 et
838 1003 888 1040 de
919 1001 1027 1040 omni
1061 1010 1216 1041 terreno
1250 1002 1414 1042 servicio
1446 1012 1485 1043 et
1519 1005 1703 1045 omnibus
1725 1007 1810 1046 aliis

220 1067 349 1105 assisis
370 1068 514 1105 foreste
535 1079 613 1116 que
642 1066 855 1116 geldabiles
890 1074 1113 1115 censentur,
1136 1075 1215 1106 tam
1245 1069 1295 1107 de
1323 1070 1626 1119 expeditacione
1663 1084 1807 1110 canum

220 1144 339 1181 quam
362 1132 412 1170 de
432 1131 516 1169 aliis
546 1131 671 1181 geldis
703 1130 1044 1181 quibuscumque3
1075 1139 1113 1170 et
1142 1141 1391 1183 compertum
1422 1142 1479 1173 est
1512 1148 1581 1185 per
1609 1135 1808 1175 ministros

216 1195 328 1234 istius
348 1197 490 1235 foreste
512 1197 620 1246 quod
642 1209 716 1234 nec
736 1197 870 1234 Abbas
902 1196 970 1246 qui
1001 1210 1107 1235 nunc
1129 1206 1198 1245 est,
1222 1212 1296 1237 nec
1316 1199 1458 1249 aliquis
1479 1201 1804 1249 predecessorum

217 1274 375 1299 suorum
397 1274 572 1310 unquam
593 1260 741 1310 aliquid
763 1262 964 1299 solverunt
985 1261 1113 1309 alicui,
1137 1262 1217 1301 sive
1239 1263 1341 1313 Regi
1371 1263 1451 1302 sive
1473 1265 1623 1304 Comiti
1644 1266 1711 1316 qui
1732 1280 1804 1316 pro

217 1332 397 1374 tempore
435 1325 560 1372 fuerit,
605 1338 627 1364 a
660 1332 839 1375 tempore
879 1326 1148 1365 confeccionis
1187 1335 1292 1366 carte
1339 1329 1526 1378 predicte,
1564 1330 1645 1369 sive
1683 1332 1804 1370 finem

217 1390 394 1428 fecerunt
414 1403 484 1439 pro
505 1389 669 1428 canibus
691 1389 769 1428 suis
799 1389 947 1428 ibidem
978 1403 1059 1428 non
1090 1392 1335 1441 expeditatis‚
1359 1401 1397 1432 et
1418 1395 1605 1434 dominus
1627 1397 1715 1435 Rex
1735 1410 1807 1446 per

218 1455 337 1493 breve
358 1467 471 1492 suum
492 1454 696 1493 mandavit
717 1454 875 1503 prefatis
897 1454 1128 1504 Justiciariis
1145 1456 1209 1494 hic
1230 1460 1339 1507 quod
1359 1459 1433 1509 ipsi
1453 1460 1582 1510 ipsum
1603 1462 1803 1501 Abbatem

217 1520 269 1559 de
302 1520 530 1569 hujusmodi
565 1520 867 1570 expeditacione
897 1533 1038 1558 canum
1077 1520 1176 1560 infra
1214 1531 1338 1562 metas
1360 1532 1415 1563 ‘et
1455 1525 1600 1565 divisas
1632 1527 1733 1566 vasti
1769 1535 1807 1566 et

217 1592 376 1634 pasture
415 1584 678 1634 predictarum
727 1584 904 1635 quietum
953 1598 1039 1624 esse
1076 1587 1316 1636 permittant,
1356 1597 1474 1638 prout
1507 1589 1600 1629 inde
1638 1591 1809 1641 quietius

218 1647 251 1701 [Ρ
267 1648 440 1701 quietus]
473 1663 558 1688 esse
579 1651 709 1697 debet,
732 1657 771 1688 et
804 1649 889 1700 ipse
921 1657 959 1689 et
992 1652 1290 1700 predecessores
1320 1653 1392 1701 sui,
1414 1655 1592 1693 Abbates
1623 1656 1701 1694 loci
1721 1670 1806 1706 pre-

218 1713 326 1761 dicti,
361 1727 384 1752 a
421 1722 600 1764 tempore
638 1714 905 1753 confeccionis
943 1723 1049 1754 carte
1087 1717 1263 1766 predicte
1304 1718 1398 1757 inde
1437 1719 1561 1769 quieti
1599 1734 1685 1760 esse
1715 1735 1809 1760 con-

217 1786 451 1818 sueverunt:
481 1779 774 1818 consideratum
796 1786 855 1818 est
875 1781 984 1830 quod
1005 1779 1112 1819 idem
1133 1783 1269 1822 Abbas
1290 1791 1352 1822 eat
1372 1784 1465 1824 inde
1486 1785 1571 1825 sine
1591 1786 1668 1834 die,
1693 1788 1802 1826 salvo

221 1856 376 1893 semper
393 1845 490 1894 jure,
513 1851 587 1883 etc.

270 1910 406 1947 Abbas
437 1910 488 1948 de
530 1908 882 1948 Rievalleclamat
911 1909 1057 1949 habere
1086 1910 1292 1960 piscariam
1323 1925 1393 1962 pro
1422 1914 1626 1953 voluntate
1656 1928 1726 1954 sua
1763 1916 1803 1954 in

218 1986 321 2024 aqua
341 1975 392 2012 de
411 1975 535 2016 Costa
556 1987 579 2012 a
598 1975 687 2013 loco
709 1973 777 2012 ubi
797 1975 833 2012 le
854 1975 885 2011 F
889 1976 1051 2024 reredyk
1073 1989 1188 2026 supra
1210 1978 1430 2027 Belynause
1450 1979 1557 2017 cadit
1577 1979 1617 2017 in
1640 1981 1805 2019 Costam

218 2039 502 2078 descendendo
523 2052 650 2088 usque
671 2039 722 2077 ad
750 2039 882 2077 locum
919 2039 985 2077 ubi
1019 2041 1055 2078 le
1077 2041 1305 2091 Lowndyke
1335 2041 1441 2080 cadit
1470 2042 1510 2080 in
1543 2044 1706 2083 Costam
1721 2059 1731 2093 3
1762 2052 1800 2083 et

218 2103 315 2142 dicit
335 2105 444 2154 quod
463 2104 548 2154 ipse
582 2111 620 2142 et
640 2116 777 2142 omnes
806 2104 1106 2153 predecessores
1136 2105 1205 2152 sui,
1238 2106 1415 2145 Abbates
1450 2108 1629 2156 ejusdem
1659 2110 1750 2157 loci,
1781 2123 1804 2148 a

217 2175 397 2218 tempore
426 2182 507 2219 quo
528 2181 608 2207 non
630 2175 735 2207 extat
767 2168 966 2217 memoria,
990 2169 1129 2219 piscati
1145 2171 1305 2209 fuerunt
1325 2170 1365 2209 in
1397 2185 1500 2222 aqua
1528 2174 1707 2223 predicta
1735 2188 1807 2225 per

216 2233 360 2272 divisas
393 2233 602 2285 predictas,
635 2241 822 2284 tanquam
843 2233 884 2271 in
916 2233 1119 2272 communi
1149 2247 1220 2273 suo
1256 2234 1324 2284 qui
1353 2236 1524 2285 pertinet
1555 2238 1606 2276 ad
1635 2238 1803 2278 liberum

215 2305 487 2337 tenementum
509 2311 623 2337 suum
643 2312 721 2349 que
742 2306 800 2338 est
820 2306 922 2338 terra
941 2298 1075 2338 hidata
1095 2299 1146 2338 de
1168 2300 1433 2351 Kekmarreys
1455 2309 1493 2340 et
1523 2303 1562 2340 N
1566 2305 1739 2353 eustede,
1763 2312 1803 2344 et

215 2364 293 2402 hoc
312 2371 468 2413 paratus
488 2370 545 2402 est
574 2363 773 2402 verificare
802 2377 871 2414 per
899 2363 1096 2403 ministros
1125 2366 1304 2414 ejusdem
1335 2367 1488 2406 foreste.
1549 2369 1649 2407 Ideo
1679 2368 1806 2420 inqui-

217 2434 322 2467 ratur
359 2427 453 2467 inde
490 2428 632 2467 veritas
670 2441 741 2478 per
779 2429 952 2467 eosdem.
1013 2429 1094 2478 Qui
1133 2429 1284 2469 scilicet
1321 2432 1523 2480 forestarii,
1564 2433 1736 2472 viridarii
1767 2443 1806 2474 et

216 2558 295 2596 had
315 2571 435 2597 never
453 2558 546 2608 paid
567 2571 644 2608 any
664 2560 741 2597 fine
761 2565 803 2597 to
826 2558 934 2608 King
961 2572 1005 2598 or
1025 2560 1117 2597 Earl
1138 2559 1246 2600 since
1267 2562 1334 2600 the
1355 2563 1447 2602 date
1468 2565 1513 2601 of
1529 2565 1594 2603 the
1617 2572 1739 2615 grant,
1763 2579 1806 2604 or

215 2624 333 2661 made
353 2636 429 2672 any
449 2623 713 2673 composition
744 2625 804 2662 for
832 2630 903 2662 not
933 2623 1074 2674 lawing
1103 2624 1204 2663 their
1233 2626 1343 2676 dogs,
1366 2628 1446 2665 and
1477 2626 1585 2667 since
1606 2629 1672 2667 the
1694 2629 1805 2680 King

215 2688 295 2726 had
316 2688 365 2737 by
385 2687 467 2726 writ
485 2689 752 2727 commanded
773 2689 840 2727 the
859 2688 1031 2738 Justiees
1066 2696 1108 2727 to
1142 2689 1278 2739 aequit
1298 2691 1365 2729 the
1386 2692 1520 2731 Abbot
1541 2694 1585 2732 of
1600 2695 1697 2732 such
1718 2695 1804 2733 law-

215 2752 282 2802 ing
302 2754 345 2791 of
369 2753 469 2791 their
502 2754 601 2802 dogs
634 2752 769 2792 within
803 2753 870 2792 the
902 2760 1027 2792 metes
1060 2754 1141 2792 and
1172 2755 1331 2794 bounds
1361 2757 1407 2794 of
1439 2757 1506 2796 the
1539 2765 1668 2805 waste,
1690 2771 1731 2796 as
1752 2759 1804 2797 he

215 2818 340 2867 ought
359 2825 400 2856 to
421 2819 480 2865 be,
503 2819 582 2857 and
602 2832 645 2857 as
666 2819 717 2857 he
737 2819 817 2857 and
847 2817 907 2856 his
936 2819 1212 2868 predecessors
1242 2820 1343 2857 have
1372 2833 1463 2859 ever
1491 2822 1592 2860 been
1613 2823 1712 2861 from
1735 2824 1804 2863 the

215 2883 306 2921 date
327 2883 372 2920 of
388 2883 454 2920 the
473 2890 596 2932 grant,
619 2884 685 2921 the
706 2883 823 2922 claim
844 2885 888 2922 of
904 2884 971 2922 the
990 2884 1128 2922 Abbot
1147 2896 1224 2922 was
1245 2884 1422 2922 allowed.

268 2947 356 2985 The
378 2947 513 2985 Abbot
534 2947 579 2984 of
600 2946 794 2985 Rievaulx
822 2947 959 2985 claims
988 2961 1012 2985 a
1046 2948 1125 2986 free
1145 2948 1286 2996 fishery
1306 2947 1346 2984 in
1367 2948 1434 2986 the
1455 2949 1589 2996 Costa,
1611 2950 1712 2989 from
1733 2952 1801 2991 the

214 3017 303 3060 spot
323 3011 451 3049 where
472 3011 539 3049 the
560 3011 786 3060 Friardyke,
806 3012 933 3051 above
954 3013 1187 3061 Belynause,
1210 3013 1295 3049 falls
1326 3011 1409 3050 into
1440 3013 1506 3051 the
1528 3014 1661 3061 Costa,
1684 3016 1801 3055 down

215 3083 256 3114 to
276 3076 343 3115 the
363 3082 453 3126 spot
472 3076 600 3115 where
620 3076 688 3114 the
710 3076 931 3116 Lowndike
965 3078 1050 3115 falls
1079 3076 1163 3115 into
1190 3077 1257 3116 the
1287 3077 1421 3116 Costa.
1481 3079 1548 3117 He
1568 3077 1600 3117 is
1620 3081 1739 3130 ready
1759 3088 1801 3120 to
