2044 3491
762 218 998 251 COUCHER
1029 220 1174 252 BOOK.
1686 218 1762 268 183

235 319 507 356 Presentatum
539 348 546 356 .
579 347 587 356 .
619 348 626 356 .
660 347 668 356 .
700 318 809 367 quod
866 319 1046 367 Rogerus
1102 318 1153 356 de
1212 317 1410 357 Kitelvvell
1466 326 1504 358 et
1559 321 1762 370 Johannes

180 382 374 420 Hamond
394 383 445 420 de
466 382 736 431 Scardeburgh
757 382 911 420 fuerunt
932 381 972 419 in
992 382 1273 431 foresta.super
1289 384 1427 422 Elhale
1449 392 1487 423 et
1508 385 1763 424 bersaverunt

178 457 297 483 unam
319 446 463 484 bissam
483 458 588 484 anno
609 444 801 495 predicto.
860 443 940 493 Qui
959 451 1152 482 venerunt
1173 451 1211 482 et
1232 446 1458 493 optulerunt
1479 459 1520 484 se
1541 446 1764 496 acquietare

178 517 222 548 ut
252 523 379 559 supra,
401 510 492 549 ideo
526 522 759 548 concessum
788 516 846 548 est
881 516 922 546 ut
957 521 1095 558 supra3
1125 507 1193 558 qui
1223 509 1423 558 predictus
1458 511 1636 560 Rogerus
1658 511 1764 550 venit

178 581 217 611 et
237 573 472 623 acquietavit
507 587 548 613 se
576 587 646 624 per
673 575 783 623 xxxvj
817 581 859 612 ut
893 586 1021 622 supra,
1057 572 1148 611 ideo
1183 574 1336 623 quietus
1366 581 1452 621 etc.‚
1491 582 1529 613 et
1566 575 1764 624 predictus

177 638 382 687 Johannes
402 638 493 678 fecit
526 640 646 678 finem
677 652 747 689 pro
782 637 946 678 dimidia
979 650 1110 676 marca
1142 651 1213 687 pro
1247 645 1493 679 sacramento
1524 641 1737 679 relaxando
1754 656 1764 689 3

177 702 269 742 ideo
290 703 374 753 ipse
394 703 550 753 quietus
572 704 622 742 de
642 710 889 742 sacramento
910 709 948 741 et
969 702 1276 752 transgressione
1297 703 1482 753 predictis
1502 717 1571 754 per
1590 705 1762 754 plegium

177 768 370 817 Johannis
405 770 456 808 de
489 769 683 819 Horneby
713 770 763 808 de
803 768 1078 817 Scardeburgh
1118 774 1156 806 et
1194 767 1388 817 Johannis
1427 769 1477 808 de
1512 770 1672 808 Neuton
1712 771 1763 809 de

178 834 329 872 eadem.

232 899 505 937 Presentatum
536 930 543 938 .
577 930 584 938 .
616 930 624 937 .
657 929 665 938 .
697 899 807 949 quod
862 899 992 937 Adam
1049 897 1233 947 Ughtred
1289 898 1339 936 de
1396 899 1669 949 Scardeburgh
1726 907 1764 938 et

178 963 399 1011 Stephanus
429 964 723 1002 Trenchemere
753 964 805 1002 de
834 963 974 1002 eadem
1002 963 1159 1000 fuerunt
1179 969 1443 1012 receptatores
1464 964 1762 1002 malefactorum

177 1027 228 1064 de
248 1027 475 1075 venacione‚
499 1028 567 1077 qui
587 1035 779 1067 venerunt
809 1041 943 1066 coram
973 1027 1205 1076 Justiciariis
1236 1034 1274 1065 et
1303 1029 1530 1077 optulerunt
1550 1041 1592 1067 se
1611 1028 1767 1079 acquie-

176 1099 258 1130 tare
278 1099 321 1130 ut
341 1105 456 1142 supra
472 1107 482 1140 3
512 1092 581 1143 qui
611 1093 811 1143 predictus
848 1093 977 1131 Adam
1005 1091 1113 1130 venit
1145 1100 1183 1131 et
1214 1094 1332 1131 finem
1367 1093 1459 1132 fecit
1491 1106 1561 1142 pro
1588 1094 1601 1143 j
1634 1107 1766 1132 marca

176 1169 246 1205 per
265 1157 438 1206 plegium
459 1158 616 1197 Thome
648 1159 772 1197 Salter
802 1158 852 1196 de
884 1158 1156 1207 Scardeburgh
1188 1165 1227 1196 et
1256 1157 1442 1196 Willelmi
1472 1157 1540 1195 filii
1572 1158 1766 1207 Johannis

177 1222 228 1259 de
268 1223 432 1272 Everley
448 1237 459 1270 3
507 1224 730 1272 Stephanus
777 1236 847 1273 per
892 1222 1065 1273 plegium
1112 1222 1307 1272 Johannis
1355 1221 1423 1260 filii
1471 1222 1681 1261 Benedicti
1728 1230 1767 1261 et

177 1286 362 1325 Willelmi
383 1288 433 1326 de
455 1289 577 1337 Hany
597 1289 648 1326 de
670 1289 957 1338 Scardeburgh.

232 1354 283 1390 Et
312 1352 404 1402 quia
432 1353 596 1403 predicti
625 1353 797 1392 viridarii
830 1353 952 1392 nichil
983 1354 1272 1404 responderunt
1305 1353 1356 1391 de
1394 1351 1767 1402 transgressionibus

177 1417 403 1455 venacionis
436 1417 548 1457 factis
579 1418 620 1456 in
658 1421 803 1457 foresta
833 1420 884 1457 de
915 1432 1021 1457 anno
1052 1417 1161 1468 regni
1189 1418 1310 1467 Regis
1343 1417 1509 1456 Henrici
1538 1417 1657 1467 xlviij,
1690 1418 1769 1456 xlix

177 1489 216 1521 et
254 1482 306 1529 L*
340 1482 431 1521 ideo
460 1483 762 1522 committuntur
793 1483 951 1533 prisone
986 1491 1025 1522 et
1059 1483 1193 1522 educti
1228 1484 1279 1521 de
1317 1481 1476 1532 prisona
1504 1490 1695 1521 venerunt
1730 1491 1768 1521 et

176 1547 352 1585 fecerunt
385 1548 514 1594 finem,
548 1547 697 1586 scilicet
731 1549 862 1586 Adam
901 1547 1002 1586 filius
1043 1547 1247 1597 Radulphi
1284 1561 1356 1595 pro
1389 1555 1463 1594 xxS,
1498 1554 1537 1586 et
1572 1547 1768 1587 Galfridus

176 1610 277 1649 filius
299 1611 572 1650 Bartholomei
592 1625 662 1662 pro
684 1613 736 1650 xlS
752 1627 763 1661 3
793 1620 830 1651 et
853 1612 1020 1662 quilibet
1052 1625 1188 1651 eorum
1222 1612 1373 1652 invenit
1401 1620 1705 1663 manucaptores
1727 1622 1770 1652 ut

177 1682 286 1725 patet
307 1682 380 1714 ete.

231 1741 352 1779 Unde
372 1748 511 1790 petunt
531 1740 652 1780 iidem
675 1741 815 1780 Ballivi
844 1750 884 1780 et
914 1741 1193 1781 Communitas
1229 1743 1338 1792 quod
1369 1741 1582 1792 Justiciarii
1603 1742 1769 1792 predicti

174 1805 284 1854 juxta
312 1805 598 1844 allocacionem
633 1805 851 1856 predictam
880 1806 935 1845 eis
967 1807 1062 1845 alias
1098 1808 1242 1845 factam
1274 1806 1434 1845 veniant
1468 1809 1575 1857 apud
1610 1809 1771 1847 Scarde-

232 1935 366 1984 Roger
396 1935 447 1973 de
478 1936 702 1974 Kettlewell
723 1936 803 1974 and
824 1935 932 1984 John
956 1936 1165 1983 Hamond,
1187 1936 1232 1973 of
1259 1933 1547 1986 Scarborough,
1570 1937 1724 1974 hunted
1745 1950 1768 1974 a

177 1997 275 2037 hind
309 1999 349 2036 in
383 2000 450 2038 the
484 2001 604 2038 forest
633 2001 761 2039 above
792 2000 945 2038 Ebhall.
1005 2000 1119 2049 They
1150 2013 1297 2049 appear
1330 2001 1410 2038 and
1432 2002 1528 2039 offer
1559 2008 1600 2039 to
1633 2000 1767 2051 aequit

179 2064 430 2103 themselves.
489 2066 624 2115 Roget
653 2064 808 2115 acquits
838 2066 889 2114 by
910 2065 976 2103 the
1006 2065 1099 2103 oath
1121 2066 1165 2103 of
1192 2064 1395 2114 thirty-six,
1419 2067 1499 2104 and
1529 2067 1635 2115 John
1666 2079 1771 2104 com-

177 2129 335 2177 pounds
366 2130 425 2167 for
461 2142 484 2167 a
517 2130 595 2168 fine
627 2130 672 2168 of
706 2132 744 2167 6S
779 2128 834 2168 Sd.
914 2128 1098 2177 Sureffies,
1130 2130 1238 2179 John
1272 2131 1323 2168 de
1356 2131 1525 2180 Hornby
1546 2131 1626 2169 and
1659 2131 1767 2180 John

179 2193 229 2231 de
251 2194 433 2241 Newton,
452 2195 552 2232 both
573 2196 618 2232 of
635 2194 919 2244 Scarborough.

232 2258 361 2295 Adam
393 2259 576 2308 Ughtred
605 2260 685 2297 and
720 2260 896 2309 Stephen
925 2259 1232 2306 Trenchemere,
1269 2260 1369 2298 both
1399 2261 1444 2298 of
1478 2261 1766 2310 Scarborough,

176 2335 242 2361 are
262 2323 495 2362 harbourers
516 2324 561 2362 of
584 2324 787 2374 poachers.
847 2325 960 2373 They
980 2337 1127 2373 appear
1155 2324 1236 2362 and
1275 2326 1371 2363 offer
1404 2332 1446 2363 to
1480 2325 1614 2375 aequit
1646 2326 1768 2364 them-

179 2387 302 2425 selves
333 2399 375 2425 as
409 2388 545 2427 above.
615 2390 748 2427 Adam
778 2390 1029 2439 compounds
1060 2390 1119 2427 for
1147 2403 1170 2427 a
1201 2390 1280 2428 fine
1319 2391 1364 2428 of
1401 2397 1463 2439 13⁵
1492 2389 1561 2438 4⁶³3
1592 2390 1766 2438 sureties‚

180 2452 356 2490 Thomas
391 2453 515 2491 Salter
535 2454 581 2491 of
604 2454 890 2503 Scarborough,
914 2454 993 2492 and
1014 2453 1184 2491 William
1214 2466 1287 2492 son
1319 2455 1364 2492 of
1390 2455 1496 2504 John
1518 2455 1568 2493 de
1589 2456 1766 2504 Everley.

180 2517 386 2566 Stephen's
415 2517 579 2557 sureties
608 2531 673 2557 are
703 2519 809 2568 John
844 2532 917 2557 son
952 2520 996 2558 of
1024 2520 1163 2566 Benet,
1194 2519 1275 2558 and
1294 2518 1467 2557 William
1503 2520 1554 2558 de
1576 2521 1708 2569 Hany,
1731 2520 1776 2557 of

180 2582 471 2632 Scarborough.

232 2647 288 2683 As
310 2647 376 2685 the
404 2648 606 2686 verderers
628 2647 698 2687 did
722 2655 793 2687 not
821 2655 955 2687 return
984 2661 1061 2698 any
1081 2649 1254 2687 offences
1283 2649 1328 2687 of
1351 2648 1518 2688 venison
1539 2648 1680 2698 during
1701 2649 1769 2688 the

180 2722 289 2758 years
314 2712 426 2760 1263,
454 2714 555 2759 1264
575 2713 656 2751 and
689 2715 787 2763 1265
825 2714 916 2763 they
945 2727 1011 2753 are
1045 2714 1263 2753 sentenced
1293 2720 1335 2752 to
1365 2714 1668 2763 imprisonment
1688 2714 1769 2752 and

179 2775 368 2822 released,
391 2776 522 2814 Adam
542 2790 615 2815 son
636 2778 680 2815 of
696 2778 828 2827 Ralph
850 2791 903 2816 on
923 2785 1110 2828 payment
1124 2779 1168 2816 of
1183 2791 1207 2816 a
1225 2778 1303 2817 fine
1324 2779 1368 2816 of
1382 2775 1433 2826 ,ξ
1439 2792 1470 2825 1,
1488 2779 1568 2817 and
1585 2779 1769 2827 Geoffrey

181 2851 254 2876 son
275 2839 320 2876 of
336 2840 625 2879 Bartholomew
645 2842 691 2879 of
705 2839 756 2890 A
760 2856 792 2881 2.
851 2844 965 2893 They
984 2844 1067 2882 find
1088 2842 1261 2881 sureties.

236 2902 334 2942 This
362 2903 479 2954 being
508 2917 531 2942 a
565 2906 704 2944 record
737 2907 822 2945 that
853 2907 953 2946 their
981 2907 1098 2946 claim
1131 2921 1207 2947 was
1237 2907 1402 2946 allowed
1433 2907 1499 2946 the
1529 2906 1668 2945 bailiffs
1688 2907 1769 2945 and

228 3001 243 3017 *
269 3001 334 3040 i.e.‚
355 3001 452 3033 Until
468 3001 523 3033 the
539 3001 638 3034 forest
662 3004 777 3045 passed
803 3009 860 3036 out
885 3005 922 3037 of
942 3005 997 3038 the
1026 3005 1146 3047 King’s
1172 3005 1277 3037 hands
1306 3005 1348 3046 by
1365 3004 1468 3036 virtue
1493 3004 1530 3037 of
1552 3004 1607 3037 the
1624 3009 1718 3046 grant
1736 3009 1770 3037 to

183 3052 339 3085 Edmund
354 3053 579 3086 Crouchback.
