2044 3491
784 235 1019 268 COUCHER
1051 234 1198 267 BOOK.
1720 237 1797 280 105

207 334 408 386 jaciaverit
441 336 477 387 [?
493 333 755 386 chaciaverit]‚
777 333 910 373 venire
939 334 1088 372 debent
1116 332 1157 371 in
1187 332 1327 371 eadem
1358 333 1409 372 ad
1437 334 1632 372 tenendos
1651 334 1801 384 lepora-

209 401 286 439 rios
307 400 420 440 certis
440 400 537 439 locis
557 400 612 439 eis
633 399 838 449 assignatis
858 412 929 449 pro
950 398 1039 437 feris
1059 397 1207 436 ibidem
1229 397 1484 446 expectandis
1505 404 1544 435 et
1564 397 1768 447 capiendis
1788 412 1799 446 3

210 473 249 504 et
269 465 443 504 similiter
462 465 594 515 quoad
614 465 691 503 hoc
710 464 946 503 vocabulum
967 463 1074 513 quod
1096 461 1239 501 dicitur
1254 461 1462 500 bukstallis
1483 460 1582 500 dicit
1602 463 1710 512 quod
1732 461 1800 501 ubi

210 530 330 569 iidem
350 529 530 568 homines
551 536 734 568 tenentur
762 528 910 567 ibidem
940 526 1152 566 convenire
1187 528 1239 566 ad
1272 526 1551 566 stabulariam*
1572 526 1795 566 faciendam

210 594 312 633 circa
332 595 490 633 easdem
510 595 610 632 feras
640 601 678 633 et
706 594 758 632 ad
787 593 947 632 easdem
981 592 1288 642 congregandas,
1311 591 1422 641 quod
1455 591 1486 628 si
1520 603 1603 629 non
1637 591 1800 630 fecerint

209 658 470 698 amercientur
489 660 550 697 vel
572 672 642 708 pro
672 659 815 697 eodem
850 659 972 696 finem
1002 656 1160 704 faciant,
1183 656 1269 706 ipse
1303 664 1341 695 et
1374 655 1557 695 homines
1579 655 1638 694 sui
1659 654 1802 694 virtute

209 730 315 762 carte
334 723 509 773 predicte
530 736 686 773 semper
714 736 737 761 a
766 730 944 773 ternpore
973 721 1240 761 confeccionis
1272 721 1450 771 ejusdem
1485 721 1536 759 de
1568 721 1800 770 hujusmodi

209 788 573 834 consuetudinibus,
604 800 764 826 necnon
794 787 937 826 finibus
958 795 998 826 et
1018 785 1333 825 amerciamentis
1354 785 1394 823 in
1415 786 1560 824 foresta
1580 784 1655 824 ista
1675 785 1799 835 quieti

210 852 429 892 extiterunt.
490 854 542 891 Et
562 854 696 903 quoad
729 853 967 891 vocabulum
999 851 1175 895 carreio†
1213 850 1364 890 scilicet
1403 863 1493 888 cum
1528 849 1658 899 alique
1693 863 1801 889 carre

209 919 272 955 vel
304 924 457 956 carecte
490 925 644 956 carcate
677 924 924 956 transeuntes
959 930 1027 966 per
1058 919 1242 956 forestam
1283 923 1321 955 et
1362 915 1543 955 similiter
1582 916 1800 966 summagia

209 995 401 1032 equorum
434 981 615 1020 consueti
649 989 739 1020 sunt
770 983 920 1021 solvere
950 983 1169 1021 secundum
1190 982 1317 1031 majus
1353 982 1415 1020 vel
1446 981 1577 1019 minus
1614 980 1800 1019 ministris

211 1047 391 1096 ejusdem
414 1059 482 1096 pro
504 1046 678 1085 chimino
699 1046 850 1085 ibidem
867 1047 1066 1094 habendo,
1090 1047 1173 1096 ipse
1194 1053 1232 1085 et
1261 1045 1442 1085 homines
1462 1045 1532 1094 sui,
1555 1045 1646 1084 licet
1659 1058 1797 1084 eorum

210 1124 328 1159 carre,
338 1119 490 1150 carecte
497 1112 559 1150 vel
570 1111 785 1161 summagia
799 1124 867 1161 per
883 1112 1052 1150 eandem
1067 1113 1251 1150 forestam
1266 1110 1489 1149 transierint
1506 1111 1557 1149 de
1570 1111 1802 1160 hujusmodi

210 1174 458 1225 prestacione
479 1189 549 1226 pro
570 1176 744 1214 chimino
765 1188 837 1214 suo
867 1176 1054 1214 habendo
1089 1188 1243 1225 semper
1275 1188 1298 1213 a
1331 1182 1511 1224 tempore
1531 1174 1799 1214 confeccionis

210 1246 316 1278 carte
337 1240 513 1290 predicte
534 1240 655 1290 quieti
677 1239 895 1279 extiterunt.
956 1240 1064 1278 Dicit
1084 1239 1210 1278 eciam
1231 1238 1340 1278 Prior
1361 1240 1494 1289 quoad
1521 1240 1743 1278 housebote
1764 1247 1803 1278 et

212 1304 374 1343 haibote
407 1304 448 1342 in
481 1305 612 1343 boscis
642 1304 828 1354 predictis
858 1305 1079 1343 secundum
1101 1304 1262 1342 assisam
1291 1305 1435 1343 foreste
1455 1304 1639 1343 habenda
1659 1304 1743 1354 ipse
1764 1311 1802 1343 et

211 1382 351 1408 omnes
383 1368 535 1408 Priores
578 1369 656 1408 loci
698 1369 865 1420 predicti
911 1383 935 1408 a
982 1376 1163 1419 tempore
1211 1382 1292 1419 quo
1340 1382 1421 1407 non
1469 1376 1575 1408 extat
1615 1369 1805 1408 memoria

210 1434 434 1473 habuerunt
455 1435 676 1474 housebote
697 1443 735 1474 et
756 1435 918 1474 haibote
939 1434 979 1473 in
1000 1434 1187 1485 predictis
1207 1433 1353 1482 boscis,
1375 1433 1524 1473 scilicet
1544 1433 1584 1472 in
1605 1433 1735 1473 boscis
1752 1435 1803 1473 de

212 1499 439 1537 Edbreston
468 1506 657 1549 tanquam
701 1499 947 1549 pertinencia
997 1500 1049 1538 ad
1096 1499 1265 1538 liberum
1304 1506 1580 1538 tenementum
1619 1513 1732 1538 suum
1762 1499 1803 1538 in

212 1564 352 1602 eadem
372 1563 475 1611 villa,
497 1571 536 1603 et
555 1563 595 1602 in
616 1563 747 1603 boscis
782 1566 832 1604 de
862 1567 1027 1604 Neuton
1059 1571 1249 1614 tanquam
1280 1564 1522 1614 pertinencia
1551 1565 1603 1603 ad
1631 1564 1799 1603 liberum

211 1634 484 1667 tenementum
507 1641 622 1667 suum
652 1629 692 1667 in
726 1630 866 1668 eadem
901 1629 1004 1677 villa,
1029 1636 1067 1668 et
1101 1628 1142 1666 in
1172 1629 1302 1667 boscis
1338 1629 1388 1668 de
1423 1630 1582 1668 Lokton
1616 1636 1805 1679 tanquam

210 1692 456 1742 pertinencia
476 1695 527 1732 ad
548 1694 715 1733 liberum
744 1701 1020 1733 tenementum
1053 1707 1170 1733 suum
1200 1693 1241 1732 in
1270 1695 1410 1733 eadem
1431 1694 1535 1743 villa,
1556 1701 1596 1733 et
1615 1693 1656 1732 in
1676 1693 1808 1733 boscis

213 1759 264 1797 de
285 1760 498 1809 Kynthorp
527 1767 716 1810 tanquam
751 1760 995 1810 pertinencia
1028 1761 1080 1799 ad
1110 1761 1276 1799 liberum
1307 1767 1578 1802 tenementum
1619 1773 1734 1798 suurn
1766 1759 1806 1798 in

213 1825 353 1863 eadem
369 1824 459 1863 villa
479 1826 699 1864 secundum
719 1825 882 1864 assisam
904 1827 1048 1865 foreste
1068 1841 1078 1875 3
1108 1833 1146 1865 et
1167 1826 1245 1865 hoc
1265 1832 1422 1876 paratus
1443 1832 1502 1864 est
1523 1825 1719 1864 verificare
1740 1838 1809 1875 per

213 1888 411 1928 ministros
431 1890 574 1929 foreste
594 1892 655 1930 vel
675 1891 786 1930 aliter
814 1898 929 1941 prout
959 1890 1080 1931 Curia
1110 1897 1198 1938 etc.,
1235 1897 1274 1930 et
1308 1890 1405 1941 petit
1432 1891 1542 1941 quod
1574 1889 1718 1929 clamia
1738 1903 1808 1928 sua

215 1953 391 2003 predicta
423 1953 464 1992 in
494 1955 568 1993 hac
602 1962 712 2005 parte
745 1956 976 1996 allocentur.
1035 1957 1087 1994 Et
1121 1954 1214 2006 quia
1244 1955 1401 1995 videtur
1439 1954 1668 2005 Justiciariis
1700 1955 1808 2005 quod

215 2097 373 2136 hounds
394 2105 432 2136 at
453 2099 558 2138 fixed
578 2099 742 2138 stations
763 2106 804 2138 to
825 2099 912 2138 wait
932 2101 990 2138 for
1009 2100 1090 2138 and
1111 2101 1201 2139 take
1230 2100 1297 2139 the
1326 2100 1429 2139 deer.
1489 2101 1603 2150 They
1631 2113 1696 2140 are
1725 2102 1809 2140 also

215 2161 301 2212 quit
320 2164 365 2201 of
393 2164 617 2211 buckstalls‚
639 2164 765 2202 whilst
784 2165 851 2203 the
871 2166 984 2203 other
1002 2164 1196 2203 residents
1217 2165 1341 2214 ought
1370 2172 1411 2203 to
1440 2166 1635 2204 assemble
1654 2166 1713 2204 for
1742 2166 1810 2205 the

216 2239 385 2276 purpose
406 2229 450 2266 of
474 2228 683 2279 collecting
704 2229 770 2268 the
800 2230 895 2268 deer
922 2229 1007 2268 into
1036 2242 1088 2267 an
1121 2229 1319 2268 inclosure
1353 2229 1480 2268 which
1515 2230 1607 2280 they
1639 2230 1739 2268 have
1768 2237 1810 2269 to

216 2293 332 2331 make
352 2294 412 2332 for
440 2294 524 2333 that
551 2308 733 2345 purpose,
756 2308 799 2334 or
828 2294 860 2333 if
884 2295 976 2345 they
1005 2295 1072 2333 fail
1105 2301 1147 2334 to
1182 2295 1235 2333 do
1267 2307 1312 2333 so
1346 2307 1410 2333 are
1442 2294 1595 2345 heavily
1628 2295 1737 2333 fined
1766 2307 1811 2333 or

215 2359 457 2407 compound.
515 2360 613 2398 Also
633 2360 838 2399 whenever
858 2373 933 2410 any
954 2367 1054 2398 carts
1076 2372 1119 2398 or
1138 2372 1321 2409 waggons
1342 2372 1432 2409 pass
1461 2359 1608 2398 loaded
1639 2359 1808 2409 through

215 2423 284 2461 the
304 2423 432 2472 forest,
456 2436 500 2462 or
518 2424 653 2463 horses
674 2424 765 2463 with
785 2425 906 2475 packs
927 2437 980 2463 on
1001 2423 1102 2463 their
1122 2425 1255 2471 backs,
1278 2424 1345 2462 the
1374 2437 1523 2463 owners
1558 2425 1716 2463 thereos
1744 2437 1811 2463 are

216 2494 322 2526 wont
339 2494 380 2526 to
401 2501 476 2538 pay
495 2490 562 2528 the
582 2490 735 2528 officers
755 2490 801 2528 of
824 2490 892 2528 the
920 2490 1041 2528 forest
1075 2502 1099 2528 a
1132 2496 1282 2539 greater
1316 2501 1360 2527 or
1392 2490 1469 2528 less
1501 2501 1589 2527 sum
1621 2489 1681 2526 for
1709 2488 1811 2527 their

218 2551 319 2602 right
339 2553 385 2591 of
397 2566 572 2603 passage,
594 2555 664 2593 but
684 2555 778 2605 they
797 2556 897 2594 have
918 2568 1019 2602 ever,
1041 2555 1093 2604 by
1112 2554 1238 2593 virtue
1258 2554 1304 2593 of
1319 2554 1386 2593 the
1407 2554 1522 2601 deed,
1545 2553 1647 2592 been
1668 2552 1753 2603 quit
1770 2553 1818 2592 of

218 2616 378 2667 making
397 2630 472 2667 any
492 2626 679 2668 payment
698 2618 738 2657 in
759 2626 912 2669 respect
933 2620 1097 2658 thereos.

274 2681 362 2720 The
382 2681 493 2721 Prior
512 2683 543 2721 is
564 2685 647 2722 also
666 2684 785 2734 ready
806 2691 846 2722 to
867 2697 986 2734 prove
1006 2685 1091 2722 that
1110 2684 1210 2722 from
1241 2682 1400 2722 ancient
1431 2681 1525 2721 time
1560 2682 1610 2720 he
1642 2681 1721 2720 and
1751 2680 1811 2720 his

219 2746 493 2795 predecessors
513 2749 613 2787 have
634 2750 803 2799 enjoyed
823 2762 865 2787 as
885 2756 1147 2799 appurtenant
1168 2756 1208 2787 to
1229 2748 1328 2788 their
1347 2750 1427 2787 free
1447 2754 1670 2786 tenements
1686 2745 1726 2784 in
1742 2747 1810 2785 the

221 2810 434 2860 townships
455 2813 499 2850 of
523 2814 758 2861 Ebberston,
781 2814 962 2861 Newton,
986 2814 1180 2861 Lockton,
1203 2814 1282 2852 and
1304 2812 1567 2863 Kingthorpe‚
1589 2811 1810 2850 housebote

221 2876 302 2915 and
323 2876 545 2926 hedgebote
564 2875 605 2915 in
625 2878 691 2916 the
711 2878 845 2917 woods
866 2879 910 2917 of
925 2879 991 2918 the
1012 2891 1119 2917 same
1139 2878 1363 2928 townships.
1423 2878 1491 2915 He
1511 2888 1624 2926 prays
1645 2875 1729 2914 that
1749 2875 1809 2914 his

269 2963 284 2979 *
310 2962 443 2995 Gender
459 2963 622 2995 doubtful.
669 2964 829 2997 Claudius
846 2966 889 2997 D.
909 2966 973 2997 XI.
993 2965 1052 2997 has
1069 2965 1249 2996 stablez'am.

265 3017 290 3051 †
314 3015 354 3046 In
382 3015 542 3056 Ducange
569 3016 710 3048 referred
735 3021 770 3048 to
795 3028 830 3049 as
858 3018 978 3056 Cama,
1008 3017 1064 3048 the
1101 3016 1266 3048 reference
1292 3019 1326 3047 to
1342 3015 1398 3047 the
1427 3014 1623 3056 Exchequer
1648 3013 1811 3053 Coucher,

224 3066 294 3106 i.e.,
313 3066 370 3098 fol.
391 3065 462 3107 168,
481 3067 579 3109 being
595 3067 704 3109 given.
753 3069 918 3110 Compare
935 3068 1014 3101 with
1032 3068 1229 3109 clzemz'nage,
1248 3067 1325 3101 Vol.
1346 3067 1388 3107 1.,
1409 3066 1505 3106 N.S.‚
1524 3077 1557 3108 p.
1577 3075 1629 3099 20.
