2044 3491
308 190 389 243 176
671 203 845 235 DUCHY
877 203 938 235 oF
970 204 1262 236 LANCASTER
1294 205 1529 238 RECORDS.

296 297 505 337 hominurn
534 299 650 339 nobis
680 302 981 351 suggerencium
1014 303 1183 341 eandem
1215 302 1438 341 libertatem
1460 302 1515 341 eis
1536 316 1671 341 coram
1691 303 1889 342 Willelmo

299 363 352 401 de
379 365 510 414 Vescy
539 372 578 403 et
611 365 728 404 sociis
760 366 841 404 suis
871 380 998 417 nuper
1026 366 1256 417 Justiciariis
1286 366 1438 405 domini
1473 367 1658 406 Edwardi
1691 368 1893 417 quondam

301 428 423 478 Regis
443 430 599 480 Anglie,
621 431 683 469 avi
711 431 845 478 nostri,
869 431 1145 471 itinerantibus
1177 434 1228 471 ad
1259 432 1404 483 placita
1438 434 1585 472 foreste
1615 432 1656 470 in
1691 431 1895 472 Comitatu

296 493 541 532 Eboracensi
571 496 781 534 allocatam
816 495 937 535 fuisse
975 497 1087 546 juxta
1120 504 1303 536 tenorem
1339 505 1446 536 carte
1475 497 1712 547 supradicte,
1742 510 1894 547 vosque

298 557 469 596 eandem
488 557 711 597 libertatem
732 559 883 599 eisdem
904 561 1165 610 burgensibus
1187 568 1225 600 et
1247 561 1474 600 hominibus
1491 563 1661 601 allocare
1682 561 1891 608 distulisse,

297 622 614 660 mandaverimus
650 623 796 662 dilecto
827 632 865 662 et
898 626 1004 663 fideli
1033 633 1170 664 nostro
1210 627 1427 675 Radulpho
1463 627 1514 665 de
1547 626 1689 674 Nevill,
1723 624 1894 675 Capitali

298 685 522 734 Justiciario
539 700 609 725 suo
631 685 665 739 [?
685 687 837 741 nostro]
859 689 1060 728 itineranti
1092 691 1202 740 quod
1237 689 1271 743 [?
1284 689 1352 742 ad]
1385 690 1529 740 placita
1559 692 1702 729 foreste
1722 689 1763 728 in
1785 690 1894 728 dicto

299 750 502 790 Comitatu
547 753 792 792 Eboracensi
839 755 949 804 quod
998 755 1179 793 scrutatis
1227 755 1366 794 rotulis
1405 755 1573 805 predicti
1613 753 1799 793 Willelmi
1843 755 1894 792 de

295 814 436 855 itinere
456 816 646 866 predicto,
670 817 737 868 qui
767 817 803 857 ei
831 832 901 868 per
930 819 1236 858 Thesaurarium
1265 827 1303 858 et
1326 819 1572 859 Camerarios
1592 832 1718 869 nuper
1736 816 1892 857 liberati

296 881 464 929 fuerunt,
487 889 525 920 et
554 882 595 920 in
627 883 808 922 custodia
838 897 909 922 sua
940 884 996 923 sic
1035 885 1257 933 extiterunt,
1295 884 1409 938 [320]
1450 894 1630 924 tenorem
1668 882 1823 922 recordi
1853 890 1893 921 et

297 959 504 996 processus
543 947 797 986 allocacionis
832 949 1022 987 libertatis
1055 950 1231 999 predicte
1266 963 1399 989 coram
1433 951 1584 1000 prefato
1623 948 1821 987 Willelmo
1855 955 1895 986 et

301 1009 418 1048 sociis
448 1011 527 1049 suis
554 1011 739 1060 predictis
770 1012 921 1051 eisdem
955 1014 1216 1064 burgensibus
1248 1022 1287 1053 et
1317 1014 1546 1053 hominibus
1577 1015 1691 1059 facte,
1714 1012 1830 1051 nobis
1851 1011 1893 1049 in

304 1075 551 1114 Cancellaria
571 1084 706 1115 nostra
727 1079 800 1116 sub
822 1077 948 1127 sigillo
969 1092 1041 1117 suo
1062 1079 1246 1118 distincte
1277 1087 1315 1118 et
1335 1086 1470 1129 aperte
1495 1078 1679 1124 mitteret,
1701 1076 1892 1115 mittimus

310 1139 423 1178 vobis
443 1140 516 1179 sub
536 1142 640 1190 pede
660 1141 774 1191 sigilli
795 1142 920 1181 nostri
948 1150 1127 1181 tenorem
1157 1144 1311 1182 recordi
1341 1152 1379 1183 et
1409 1156 1617 1194 processus
1637 1140 1893 1180 allocacionis

301 1202 490 1242 libertatis
520 1204 697 1254 predicte
728 1218 861 1244 coram
892 1206 1006 1246 nobis
1045 1207 1086 1246 in
1126 1208 1372 1247 Cancellaria
1411 1215 1544 1247 nostra
1574 1220 1643 1257 per
1671 1205 1893 1256 predictum

302 1269 562 1318 Radulphum
592 1270 642 1308 de
674 1271 864 1309 mandato
896 1279 1032 1310 nostro
1065 1273 1246 1322 predicto
1286 1273 1450 1311 missum
1467 1288 1477 1322 3
1517 1272 1753 1310 mandantes
1781 1270 1893 1319 quod

301 1345 350 1371 eo
389 1332 568 1383 inspecto
611 1334 772 1373 ulterius
819 1336 871 1374 ad
916 1337 1244 1385 prosecucionern
1293 1339 1511 1376 eorundem
1554 1334 1810 1386 burgensium
1851 1341 1891 1373 et

299 1396 508 1435 hominum
541 1397 580 1436 in
613 1399 687 1436 hac
715 1406 826 1448 parte
858 1400 941 1438 fieri
974 1401 1124 1439 faciatis
1159 1402 1269 1451 quod
1304 1403 1355 1441 de
1385 1403 1471 1451 jure
1503 1400 1619 1440 fuerit
1648 1400 1889 1438 faciendum.

298 1463 418 1501 Teste
439 1476 503 1501 me
531 1462 618 1513 ipso
651 1465 758 1514 apud
792 1466 981 1504 Sanctum
1017 1467 1277 1506 Edrnundum
1309 1469 1344 1516 vj
1382 1466 1447 1506 die
1481 1466 1592 1516 Junii
1626 1479 1732 1505 anno
1767 1463 1891 1503 nostri

301 1526 555 1565 duodecimo.

355 1592 482 1630 Breve
503 1605 572 1641 per
602 1593 710 1642 quod
739 1594 949 1632 recordum
985 1601 1023 1634 et
1053 1609 1262 1645 processus
1301 1596 1554 1635 allocacionis
1585 1594 1774 1635 libertatis
1808 1607 1891 1644 pre·

302 1655 407 1694 dicte
441 1656 548 1695 venit
578 1656 618 1695 in
653 1658 941 1697 Cancellariam
980 1661 1157 1710 sequitur
1185 1661 1225 1699 in
1259 1662 1335 1700 hec
1365 1662 1494 1700 verba.
1554 1661 1772 1700 Edwardus
1813 1659 1890 1698 Dei

300 1720 429 1768 gracia
459 1723 548 1760 Rex
576 1722 729 1771 Anglie,
754 1723 952 1762 Dominus
987 1725 1181 1764 Hibernie
1212 1734 1249 1765 et
1283 1729 1375 1765 Dux
1408 1725 1650 1776 Aquitannie
1684 1725 1831 1764 dilecto
1851 1731 1890 1763 et

302 1784 410 1823 fideli
440 1798 512 1824 suo
547 1787 766 1836 Radulpho
800 1788 850 1826 de
881 1787 1013 1826 Nevill
1049 1789 1219 1839 Capitali
1250 1791 1475 1841 Justiciario
1506 1790 1715 1829 itinerante
1736 1788 1818 1842 [sic]
1839 1790 1891 1828 ad

300 1849 445 1899 placita
483 1851 627 1889 foreste
665 1851 704 1889 in
742 1852 944 1891 Comitatu
980 1854 1235 1903 Eboracensi‚
1258 1857 1432 1895 salutern.
1511 1856 1615 1895 Cum
1645 1868 1715 1905 per
1742 1862 1890 1892 cartam

299 1914 451 1952 domini
486 1915 654 1953 Henrici
688 1917 892 1966 quondam
928 1917 1048 1967 Regis
1084 1919 1227 1969 Anglie
1256 1921 1391 1970 proavi
1422 1919 1545 1959 nostri
1577 1931 1812 1958 concessum
1841 1917 1890 1956 sit

299 1979 557 2028 burgensibus
587 1981 729 2019 nostris
762 1982 812 2020 de
844 1983 1121 2033 Scardeburgh
1157 1992 1196 2023 et
1229 1985 1458 2024 hominibus
1488 1983 1653 2022 manerii
1687 1982 1810 2021 nostri
1839 1983 1890 2021 de

300 2045 562 2094 Wallesgrave
582 2046 689 2095 quod
711 2045 742 2083 si
762 2045 902 2096 aliquis
932 2047 1200 2096 predictorum
1229 2049 1484 2099 burgensium
1505 2050 1567 2087 vel
1593 2047 1802 2086 hominum
1822 2053 1890 2085 aut

300 2109 492 2147 heredum
515 2122 675 2147 suorum
710 2110 853 2157 rettati‚
885 2110 1066 2150 indictati
1100 2115 1162 2152 vel
1196 2114 1400 2153 attachiati
1430 2113 1572 2153 fuerint
1602 2114 1652 2152 de
1672 2111 1892 2151 venacione

298 2174 361 2212 vel
381 2173 456 2212 alia
476 2174 783 2224 transgressione
812 2176 966 2223 foreste,
989 2176 1106 2216 liceat
1127 2178 1182 2216 eis
1203 2192 1244 2217 se
1265 2180 1481 2218 defendere
1502 2180 1553 2218 de
1574 2175 1889 2227 transgressioni-

298 2303 460 2342 himself
488 2303 622 2341 before
656 2316 731 2352 any
767 2303 936 2353 Justices
975 2306 1020 2343 of
1044 2306 1110 2344 the
1140 2307 1258 2346 forest
1285 2308 1524 2346 whatsoever
1552 2308 1602 2357 by
1631 2307 1697 2345 the
1727 2306 1819 2345 oath
1849 2304 1893 2343 of

299 2367 490 2417 thirty-six
510 2381 611 2415 men,
634 2369 766 2407 unless
796 2369 846 2408 he
879 2382 955 2407 was
990 2371 1132 2420 caught
1165 2371 1207 2409 in
1241 2372 1308 2410 the
1341 2379 1404 2410 act
1435 2374 1486 2422 by
1517 2373 1586 2411 the
1616 2372 1816 2410 verderers
1845 2383 1890 2408 or

299 2433 480 2471 foresters
510 2433 554 2471 of
579 2434 648 2479 see,
671 2432 711 2470 in
740 2433 806 2472 the
836 2446 944 2472 same
975 2447 1138 2473 manner
1166 2449 1208 2474 as
1237 2436 1287 2474 he
1318 2435 1441 2486 might
1461 2449 1581 2486 purge
1601 2435 1761 2474 himself
1777 2435 1823 2473 of
1837 2435 1888 2472 all

298 2498 460 2547 appeals
499 2504 637 2547 except
676 2498 771 2535 such
810 2511 851 2536 as
889 2510 1060 2536 concern
1099 2497 1166 2535 the
1207 2497 1347 2547 King's
1386 2511 1540 2547 person,
1579 2498 1659 2536 and
1697 2497 1781 2535 that
1820 2496 1888 2534 the

300 2562 505 2612 burgesses
525 2562 676 2611 alleged
697 2563 780 2601 that
801 2562 876 2601 this
897 2562 1011 2600 claim
1033 2562 1111 2600 had
1145 2562 1246 2600 been
1277 2563 1441 2601 allowed
1476 2563 1609 2601 before
1637 2561 1806 2599 William
1837 2561 1888 2599 de

300 2629 430 2676 Vescy
450 2628 530 2665 and
550 2625 609 2665 his
630 2627 757 2665 fellow
775 2626 944 2675 Justices
965 2628 1009 2665 of
1032 2627 1099 2665 the
1121 2628 1258 2664 Forest
1278 2626 1317 2664 in
1339 2627 1405 2666 the
1439 2626 1535 2665 time
1556 2627 1601 2665 of
1630 2626 1798 2664 Edward
1828 2627 1858 2663 I.
1877 2640 1888 2674 ;

301 2691 413 2730 while
433 2692 500 2729 the
519 2698 676 2740 present
695 2691 864 2740 Justices
886 2704 984 2730 were
1005 2691 1187 2740 delaying
1207 2691 1273 2729 the
1294 2692 1508 2731 allowance
1541 2693 1587 2730 of
1617 2691 1655 2738 it,
1679 2692 1747 2730 the
1778 2690 1888 2740 King

300 2755 476 2794 directed
497 2756 629 2805 Ralph
659 2756 709 2794 de
738 2755 879 2802 Nevill,
905 2755 1026 2795 Chief
1048 2754 1198 2804 Justice
1228 2756 1273 2793 of
1296 2756 1363 2794 the
1383 2757 1531 2803 Forest,
1554 2756 1648 2794 then
1677 2768 1729 2794 on
1750 2755 1887 2794 circuit

302 2820 342 2858 in
362 2819 588 2867 Yorkshire‚
611 2827 651 2858 to
673 2819 852 2858 examine
873 2820 939 2858 the
972 2820 1064 2857 rolls
1093 2820 1135 2857 of
1166 2819 1233 2857 the
1266 2821 1367 2869 Eyre
1400 2821 1445 2857 of
1472 2819 1642 2858 William
1677 2820 1728 2858 de
1757 2821 1888 2869 Vescy

301 2883 427 2922 which
448 2884 528 2923 had
549 2885 650 2923 been
668 2885 785 2933 lately
805 2884 1003 2922 delivered
1024 2891 1064 2922 to
1085 2883 1165 2921 him
1187 2884 1238 2934 by
1257 2885 1324 2923 the
1344 2887 1554 2923 Treasurer
1573 2885 1652 2923 and
1673 2885 1888 2924 Chamber-

302 2948 412 2994 lains,
434 2949 514 2987 and
533 2961 632 2987 were
652 2949 746 2986 then
767 2947 807 2986 in
827 2948 886 2986 his
907 2949 1085 2997 custody‚
1107 2949 1186 2988 and
1207 2956 1248 2988 to
1269 2950 1368 2988 send
1403 2962 1452 2988 an
1487 2949 1818 3000 exemplification
1848 2946 1892 2987 of

302 3013 369 3051 the
389 3014 526 3052 record
547 3012 630 3051 into
651 3013 717 3052 the
739 3012 876 3063 King's
897 3014 1114 3062 Chancery.
