2044 3491
725 259 961 293 COUCHER
993 257 1135 290 BOOK.
1679 257 1725 300 55

195 365 298 402 Item
327 368 551 413 presentant
572 361 682 411 quod
702 359 959 409 quadraginta
988 358 1209 395 multonurn
1239 368 1317 407 que
1347 354 1429 409 [sic]
1459 356 1614 395 fuerunt
1643 369 1727 406 pre-

141 428 312 479 ceptoris
332 429 383 467 de
404 425 653 475 Foukebrigg
672 424 830 463 invente
851 425 1008 462 fuerunt
1027 423 1123 460 infra
1152 421 1396 460 dominicum
1426 422 1477 460 de
1507 421 1637 471 Dalby
1657 433 1726 470 per

142 496 312 533 wardam
350 495 494 532 factam
542 491 662 542 precii
699 492 762 538 xl⁵,
803 490 909 528 unde
948 488 1059 527 Prior
1098 486 1319 537 Hospitalis
1358 485 1492 525 Sancti
1531 485 1723 536 Johannis

143 561 362 611 Jerusalem
382 558 422 597 in
442 558 586 608 Anglia
606 555 872 606 respondebit.

196 627 299 663 Item
319 631 545 675 presentant
565 624 676 673 quod
695 624 718 661 l.
741 622 922 661 bidentes
942 621 1072 659 villate
1092 620 1143 658 de
1173 619 1366 658 Calthorn
1386 616 1546 656 invente
1567 618 1724 655 fuerunt

142 690 183 728 in
204 689 412 728 dominicis
428 688 580 728 domini
600 701 669 738 per
688 688 858 726 wardam
880 687 1022 724 factam
1045 683 1164 734 precii
1184 682 1240 731 vu,
1263 684 1370 723 unde
1390 683 1522 722 villata
1550 681 1728 733 predicta

143 756 194 795 de
216 756 407 795 Calthorn
427 752 682 804 respondebit
702 753 753 791 de
772 751 905 802 precio
927 750 1115 801 predicto.

199 822 301 859 Item
331 825 558 869 presentant
579 818 689 868 quod
708 825 784 856 tres
814 815 924 866 porci
952 814 1072 865 precii
1092 815 1145 863 ij
1174 819 1213 852 et
1233 820 1310 852 tres
1341 812 1502 863 porcelli
1530 811 1651 863 precii
1671 809 1730 850 ixd

143 885 212 936 qui
232 886 388 923 fuerunt
410 885 629 933 Margarete
650 883 714 921 del
736 883 856 920 Dales
877 893 954 931 que
975 880 1071 919 obiit
1092 877 1242 917 inventi
1262 880 1418 917 fuerunt
1447 877 1487 916 in
1517 876 1727 916 dominicis

145 950 196 988 de
231 949 450 999 Langedon
491 960 561 998 per
593 947 764 986 wardam
804 947 958 992 factam,
994 945 1102 983 unde
1140 944 1344 994 Johannes
1384 944 1434 982 de
1474 942 1730 981 Helmeswell

145 1021 284 1053 tenens
322 1021 511 1052 terrarum
558 1019 597 1051 et
644 1018 959 1051 tenementorum
1007 1023 1086 1060 que
1132 1010 1290 1048 fuerunt
1338 1007 1459 1059 ipsius
1508 1010 1731 1057 Margarete

144 1078 411 1129 respondebit.

201 1145 303 1182 Item
333 1149 559 1193 presentant
579 1142 689 1192 quod
709 1140 759 1191 vij
781 1139 900 1190 hoggi
929 1152 1138 1190 porcorum
1174 1139 1242 1189 qui
1275 1140 1431 1178 fuerunt
1451 1139 1540 1178 Ade
1560 1139 1596 1176 le
1617 1139 1733 1177 Rede

146 1208 197 1246 de
219 1209 350 1258 Egton
371 1206 439 1257 qui
458 1206 556 1245 obiit
576 1205 725 1245 inventi
746 1207 903 1243 fuerunt
922 1205 962 1242 in
983 1205 1228 1254 Aleyntoftes
1249 1212 1426 1254 ternpore
1446 1203 1629 1254 pannagii
1650 1203 1734 1242 sine

147 1273 407 1323 agistamento
441 1271 562 1322 precii
593 1271 672 1320 vij⁵,
707 1271 814 1308 unde
850 1269 1045 1308 Ricardus
1078 1270 1115 1307 le
1149 1269 1264 1307 Rede
1298 1268 1400 1306 filius
1435 1270 1518 1318 ejus
1554 1276 1592 1307 et
1621 1269 1734 1307 heres

147 1345 286 1376 tenens
307 1345 493 1376 terrarum
516 1343 554 1374 et
574 1342 890 1374 tenementorum
912 1346 989 1383 que
1010 1334 1167 1371 suerunt
1187 1332 1308 1382 ipsius
1329 1334 1417 1372 Ade
1437 1332 1704 1383 respondebit.

203 1404 305 1441 Item
328 1407 554 1451 presentant
575 1401 686 1450 quod
706 1399 758 1448 iiij
782 1398 892 1448 porci
921 1398 988 1448 qui
1017 1399 1175 1436 suerunt
1203 1398 1398 1447 Johannis
1429 1399 1479 1436 de
1509 1398 1736 1447 Brokeseye

148 1467 217 1518 qui
246 1466 343 1506 obiit
363 1465 511 1505 inventi
531 1466 688 1503 fuerunt
708 1464 748 1501 in
771 1464 989 1513 Langedon
1020 1475 1090 1512 per
1110 1463 1280 1501 wardam
1310 1464 1454 1501 factam
1485 1462 1604 1512 precii
1639 1462 1733 1512 viij⁵,

149 1533 257 1571 unde
272 1539 452 1570 tenentes
473 1538 660 1569 terrarum
678 1537 715 1568 et
729 1536 1043 1568 tenementorum
1060 1541 1138 1577 que
1159 1529 1315 1567 fuerunt
1336 1528 1503 1567 Roberti
1523 1529 1574 1568 de
1594 1530 1738 1579 Wyern

150 1604 188 1637 et
209 1596 394 1636 Willelmi
415 1597 465 1635 de
487 1597 598 1634 Irton
617 1607 744 1644 nuper
763 1593 1033 1632 viridariorum
1055 1594 1361 1642 respondebunt.

205 1663 307 1700 Item
329 1667 554 1711 presentant
574 1660 685 1710 quod
706 1672 829 1697 unum
856 1660 1082 1708 jumentum
1103 1659 1213 1708 quod
1242 1658 1314 1697 suit
1335 1658 1501 1698 Roberti
1534 1657 1737 1697 servientis

150 1726 313 1766 domine
333 1727 384 1765 de
404 1726 551 1765 Salden
581 1724 648 1775 qui
681 1723 779 1762 obiit
813 1723 1019 1762 inventum
1052 1723 1123 1761 fuit
1156 1722 1197 1760 in
1231 1724 1451 1773 Langedon
1481 1737 1549 1774 per
1569 1724 1739 1762 wardam

149 1793 293 1830 factam
325 1790 446 1841 precii
465 1797 513 1838 vs,
535 1790 643 1828 unde
673 1789 794 1828 iidem
826 1796 1007 1828 tenentes
1038 1789 1256 1827 eorundem
1277 1788 1549 1828 viridariorum
1581 1802 1741 1840 respon-

153 1858 316 1896 debunt.

207 1923 310 1960 Item
331 1926 557 1971 presentant
577 1920 687 1970 quod
707 1932 810 1958 unus
839 1931 965 1970 equus
993 1918 1061 1969 qui
1081 1919 1153 1957 fuit
1182 1919 1387 1969 Radulphi
1409 1922 1532 1970 Pycot
1553 1920 1621 1971 qui
1642 1920 1740 1959 obiit

152 1985 335 2025 inventus
356 1985 429 2024 fuit
448 1984 489 2023 in
520 1986 739 2035 Langedon
772 1998 842 2035 per
872 1985 1040 2023 wardam
1073 1986 1216 2022 factam
1245 1984 1367 2034 precii
1387 1984 1468 2035 iiijS,
1493 1986 1598 2024 unde
1618 1985 1740 2025 iidem

153 2058 333 2091 tenentes
354 2051 571 2089 eorundem
590 2050 862 2089 viridariorum
881 2049 1193 2098 respondebunt.

209 2118 311 2154 Item
331 2122 558 2165 presentant
578 2115 691 2164 quod
710 2129 759 2152 xx
788 2113 897 2163 porci
919 2113 986 2162 qui
1016 2115 1173 2152 fuerunt
1202 2113 1369 2152 Roberti
1389 2115 1439 2153 ad
1461 2114 1669 2153 ecclesiam
1689 2115 1740 2154 de

153 2246 221 2284 the
240 2251 422 2295 property
443 2245 487 2282 of
503 2244 635 2293 Ralph
658 2245 766 2281 Prest
787 2243 830 2280 of
860 2242 1047 2289 Suffield3
1076 2241 1208 2279 within
1230 2243 1296 2280 the
1317 2243 1506 2282 demesne
1527 2244 1571 2282 of
1598 2244 1738 2293 Dalby‚

155 2313 256 2360 forty
275 2311 438 2349 wethers
458 2309 580 2347 worth
601 2315 677 2355 40⁵,
700 2308 767 2345 the
802 2314 985 2356 property
1005 2307 1050 2344 of
1075 2307 1143 2344 the
1178 2308 1390 2357 Preceptor
1419 2308 1464 2345 of
1490 2308 1741 2359 Foulbridge,

155 2376 215 2414 sor
235 2374 359 2413 which
380 2374 446 2412 the
468 2372 577 2410 Prior
597 2373 642 2410 of
665 2372 732 2410 the
754 2370 942 2420 Hospital
962 2371 1007 2408 of
1032 2372 1084 2409 St.
1107 2371 1215 2419 John
1235 2371 1266 2410 is
1295 2372 1565 2422 responsible5
1605 2373 1646 2412 in
1676 2375 1744 2413 the

157 2441 278 2479 Earl’s
299 2440 508 2478 demesnes
528 2438 610 2486 fifty
629 2437 752 2486 sheep
772 2436 893 2474 worth
915 2434 1002 2484 ,ζῶ
1024 2436 1091 2473 the
1110 2444 1295 2486 property
1315 2438 1361 2475 of
1384 2439 1452 2476 the
1481 2437 1675 2488 township
1705 2439 1750 2477 of

158 2505 368 2544 Cawthorn
386 2518 397 2552 3
429 2502 470 2540 in
503 2503 571 2541 the
605 2502 813 2540 demesnes
845 2502 889 2538 of
915 2500 1128 2549 Langdale‚
1165 2502 1274 2539 three
1305 2501 1390 2551 pigs
1423 2503 1544 2540 worth
1580 2504 1628 2549 65,
1664 2503 1745 2541 and

157 2570 266 2608 three
285 2581 419 2618 young
437 2566 522 2617 pigs
542 2567 665 2604 worth
687 2564 741 2615 9‘1,
764 2565 830 2603 the
850 2572 1033 2614 property
1053 2565 1096 2602 of
1122 2565 1187 2603 the
1206 2566 1284 2604 late
1307 2568 1503 2616 Margaret
1523 2568 1587 2606 del
1609 2568 1741 2614 Dales,

158 2635 218 2673 for
237 2633 363 2671 which
383 2633 490 2682 John
511 2633 562 2671 de
583 2631 839 2669 Helmeswell
860 2629 891 2667 is
911 2629 1185 2679 responsible;
1212 2630 1252 2668 in
1274 2632 1496 2678 Allantosts,
1513 2645 1631 2670 seven
1645 2632 1744 2682 hogs

160 2699 281 2737 worth
306 2705 352 2747 75,
375 2699 441 2736 the
474 2704 658 2747 property
678 2696 722 2734 of
750 2696 817 2733 the
837 2696 914 2732 late
935 2695 1038 2732 Alan
1067 2695 1104 2733 le
1136 2696 1252 2734 Rede
1272 2697 1318 2735 of
1347 2697 1491 2746 Egton‚
1527 2697 1586 2735 for
1616 2696 1745 2735 which

161 2763 337 2801 Richard
357 2764 394 2801 le
415 2763 540 2808 Rede,
563 2761 623 2799 his
644 2773 716 2798 son
735 2760 816 2798 and
835 2759 929 2806 heir,
953 2759 983 2797 is
1004 2758 1258 2808 responsible.

215 2828 304 2865 The
341 2839 563 2865 successors
597 2827 642 2864 of
667 2825 735 2863 the
768 2826 912 2862 former
957 2825 1158 2862 verderers
1196 2837 1262 2863 are
1299 2824 1545 2874 responsible
1583 2826 1642 2863 for
1679 2825 1747 2864 the

161 2891 371 2942 following,
406 2892 561 2940 namely
580 2905 588 2929 ε
630 2890 671 2928 in
704 2889 940 2939 Langedale,
978 2889 1065 2927 four
1106 2888 1190 2938 pIgs
1233 2890 1355 2928 worth
1386 2892 1435 2936 85,
1470 2890 1537 2927 the
1566 2896 1749 2939 property

162 2959 208 2997 of
223 2959 290 2996 the
310 2958 387 2995 late
408 2957 512 3006 John
533 2957 584 2994 de
605 2957 743 3002 Broxa,
766 2968 788 2992 a
808 2967 915 2992 mare
936 2954 1057 2992 worth
1080 2960 1128 3003 55,
1150 2955 1217 2991 the
1238 2961 1422 3003 property
1442 2954 1487 2991 of
1502 2955 1665 3001 Robert,
1683 2955 1751 2993 the

162 3023 240 3060 late
261 3028 414 3060 servant
435 3022 477 3059 of
502 3021 568 3058 the
590 3020 701 3069 Lady
721 3020 766 3058 of
790 3020 969 3066 Sawdon,
991 3031 1015 3056 a
1034 3019 1150 3057 horse
1177 3018 1300 3056 worth
1330 3024 1379 3064 4⁵,
1402 3017 1469 3055 the
1498 3026 1682 3068 property
1710 3019 1754 3058 of

165 3087 231 3126 the
251 3087 328 3125 late
349 3085 480 3135 Ralph
502 3085 636 3133 Pycot.
694 3083 824 3122 There
847 3095 943 3122 were
965 3082 1090 3121 found
1110 3081 1150 3119 in
1171 3081 1237 3120 the
1258 3082 1447 3120 demesne
1468 3082 1514 3120 of
1538 3083 1753 3132 Langdale‚
