2044 3491
218 178 297 221 152
580 177 753 210 DUCHY
786 177 846 209 OF
878 176 1169 209 LANCASTER
1202 174 1435 207 RECORDS.

212 290 374 324 annum,
397 283 435 315 et
456 275 656 326 escapium
675 277 726 315 de
747 275 947 315 forincesis
968 275 1107 314 averiis
1137 273 1431 313 consideratum
1461 279 1520 311 est
1552 272 1661 322 quod
1693 271 1800 311 idem

214 343 390 381 Thomas
411 341 532 379 nichil
553 340 683 391 capiat
717 340 758 378 in
789 342 863 379 hac
897 348 1016 391 parte,
1054 348 1112 379 set
1145 339 1193 378 sit
1227 338 1268 376 in
1300 337 1569 376 misericordia
1601 350 1671 387 pro
1699 337 1802 374 falso

213 405 355 444 clamio
376 419 458 445 suo.
518 404 632 458 [312]
663 407 713 444 Et
734 406 867 455 quoad
887 405 1087 444 residuum
1109 404 1235 442 tocius
1257 403 1388 442 clamii
1421 402 1589 452 predicti
1624 401 1802 440 similiter

217 471 512 510 consideratum
534 478 592 510 est
612 472 721 521 quod
755 470 862 510 idem
890 471 1068 509 Thomas
1098 469 1196 508 illud
1217 469 1361 507 habeat
1392 475 1431 506 et
1461 468 1631 518 gaudeat
1663 466 1807 516 imper-

216 542 393 586 petuum,
416 537 524 574 salvo
545 548 700 585 semper
717 536 816 584 jure,
839 542 911 574 etc.

268 601 446 638 Thomas
466 601 590 639 Wake
610 602 660 639 de
681 601 805 650 Lydel
826 601 970 638 clamat
999 599 1132 638 venire
1165 612 1236 649 per
1270 598 1467 636 ministros
1499 610 1591 635 suos
1611 597 1663 635 ad
1684 595 1808 645 quod-

214 663 310 703 libet
329 665 688 711 attachiamentum,
712 672 750 703 et
771 671 902 714 petere
923 672 961 703 et
990 664 1135 702 habere
1165 662 1316 701 ibidem
1346 662 1627 701 liberacionem
1663 674 1733 711 pro
1763 672 1806 698 se

215 736 255 768 et
274 729 499 768 tenentibus
519 730 598 768 suis
619 731 669 768 de
688 729 851 768 baronia
871 742 940 767 sua
973 729 1023 767 de
1059 728 1257 767 Midelton
1290 727 1331 765 in
1365 727 1643 766 communibus
1672 725 1803 765 boscis

216 794 316 832 infra
335 794 537 833 baroniam
559 795 774 844 predictam
795 794 1014 832 secundum
1034 792 1197 831 assisam
1218 794 1371 841 foreste,
1395 799 1523 842 preter
1543 793 1709 830 boscum
1738 791 1804 829 del

217 858 326 898 Frith
347 867 385 898 et
403 861 570 898 boscum
590 860 640 898 de
663 859 960 898 Holtwaitbank
992 858 1060 909 qui
1093 859 1167 897 sibi
1198 857 1415 907 adjudicati
1449 864 1540 895 sunt
1574 855 1738 895 tenendi
1768 854 1808 892 in

217 924 382 974 separali
401 931 507 963 extra
527 925 742 974 regardum.
803 927 852 962 Et
873 925 1016 962 habere
1037 924 1226 962 emendas
1248 923 1287 960 in
1310 922 1430 962 Curia
1449 936 1520 961 sua
1540 923 1591 961 de
1620 921 1806 960 omnibus

217 988 419 1027 forincesis
448 989 578 1027 boscis
608 989 776 1027 inventis
808 997 846 1027 et
880 988 1100 1027 attachiatis
1134 1001 1204 1038 per
1237 988 1435 1025 ministros
1470 1000 1561 1025 suos
1595 993 1808 1035 antequam

217 1053 382 1092 ministri
403 1052 555 1092 domini
575 1055 717 1092 foreste
737 1052 967 1102 hujusmodi
997 1054 1140 1090 boscos
1173 1050 1206 1103 [?
1226 1050 1388 1103 bestias]
1420 1050 1641 1090 invenerint
1673 1057 1712 1088 et
1741 1062 1810 1099 per

217 1119 379 1158 eosdem
401 1117 602 1156 attachiati
623 1117 763 1156 suerint
784 1117 823 1155 in
854 1117 1038 1156 omnibus
1072 1117 1202 1155 boscis
1233 1117 1284 1154 de
1316 1115 1493 1165 predicta
1527 1114 1701 1153 baronia.
1759 1116 1810 1152 Et

217 1182 312 1222 dicit
332 1184 442 1233 quod
462 1182 545 1232 ipse
566 1189 604 1221 et
624 1195 762 1221 omnes
783 1190 1049 1221 antecessores
1071 1180 1130 1219 sui
1150 1187 1331 1219 tenentes
1351 1179 1556 1219 baroniam
1592 1179 1810 1229 predictam

216 1262 241 1288 a
260 1255 438 1298 tempore
459 1260 539 1297 quo
559 1261 639 1286 non
660 1255 764 1287 extat
785 1246 974 1286 memoria
995 1245 1115 1284 seisiti
1129 1247 1283 1284 suerunt
1300 1246 1350 1284 de
1366 1244 1552 1295 predictis
1566 1243 1810 1283 libertatibus

216 1321 405 1363 tanquam
427 1312 711 1362 pertinentibus
732 1312 895 1351 baronie
913 1311 1089 1361 predicte
1108 1311 1259 1360 absque
1279 1309 1572 1359 interrupcione
1606 1308 1749 1358 aliqua,
1773 1315 1812 1346 et

217 1380 295 1417 hoc
315 1386 471 1428 paratus
493 1385 550 1416 est
569 1377 767 1416 verificare
787 1390 857 1427 per
890 1375 1088 1414 ministros
1123 1376 1302 1424 ejusdem
1338 1376 1490 1413 foreste.
1551 1373 1632 1422 Qui
1664 1372 1812 1411 scilicet

219 1442 419 1490 forestarii,
451 1441 620 1481 viridarii
652 1449 690 1480 et
723 1442 989 1491 regardatores
1021 1441 1072 1479 ad
1106 1440 1183 1477 hoc
1213 1439 1333 1489 jurati
1366 1439 1503 1477 dicunt
1539 1451 1655 1488 super
1688 1451 1812 1475 sacra-

216 1512 396 1544 mentum
416 1518 543 1552 suum,
565 1505 675 1554 quod
688 1503 794 1542 idem
806 1505 982 1542 Thomas
1004 1510 1041 1541 et
1062 1516 1201 1542 omnes
1218 1511 1485 1542 antecessores
1507 1503 1566 1541 sui
1586 1516 1608 1541 a
1629 1510 1809 1552 tempore

218 1583 299 1620 quo
319 1583 400 1608 non
421 1577 525 1608 extat
545 1569 735 1607 memoria
768 1569 990 1606 habuerunt
1020 1567 1301 1606 liberacionem
1335 1581 1405 1618 pro
1440 1581 1482 1606 se
1515 1575 1553 1606 et
1584 1567 1810 1606 tenentibus

218 1634 298 1673 suis
319 1635 369 1673 de
389 1634 550 1674 baronia
569 1633 745 1684 predicta
765 1633 816 1671 ad
832 1632 1038 1683 quodlibet
1053 1632 1403 1671 attachiamentum
1420 1632 1460 1670 in
1477 1632 1662 1671 omnibus
1679 1630 1810 1670 boscis

219 1698 320 1737 infra
358 1699 560 1738 baroniam
593 1698 812 1748 predictam
843 1704 971 1747 preter
1001 1699 1144 1735 boscos
1180 1697 1378 1746 predictos
1413 1697 1591 1747 superius
1627 1704 1813 1746 exceptos

219 1765 441 1803 secundum
474 1763 634 1802 assisam
669 1764 820 1801 foreste.
881 1764 934 1802 Et
972 1763 1079 1812 quod
1112 1761 1219 1800 idem
1249 1763 1426 1800 Thomas
1461 1770 1499 1800 et
1531 1774 1670 1800 omnes
1704 1768 1813 1799 ante-

221 1842 395 1868 cessores
429 1829 489 1868 sui
522 1828 699 1866 similiter
730 1829 952 1866 habuerunt
984 1827 1172 1865 emendas
1207 1827 1246 1865 in
1282 1826 1402 1866 Curia
1436 1840 1507 1865 sua
1541 1828 1590 1865 de
1630 1825 1814 1864 omnibus

220 1892 423 1932 forinsecis
443 1893 573 1934 boscis
605 1892 644 1930 in
679 1892 863 1935 omnibus
898 1891 1026 1930 boscis
1061 1893 1112 1930 de
1143 1891 1319 1941 predicta
1350 1891 1513 1930 baronia
1546 1890 1716 1929 inventis
1746 1903 1815 1940 per

730 1950 749 1969 b

222 2023 346 2061 Wake
367 2023 446 2061 and
466 2023 516 2060 all
536 2021 595 2060 his
616 2028 816 2059 ancestors
845 2021 944 2058 have
974 2020 1144 2069 enjoyed
1163 2020 1214 2057 all
1235 2020 1301 2058 the
1322 2020 1434 2058 other
1454 2018 1624 2057 liberties
1645 2018 1816 2056 claimed

224 2088 325 2126 from
355 2087 452 2126 time
479 2085 754 2125 immemorial.
812 2086 899 2123 The
933 2083 1069 2122 claims
1100 2097 1165 2123 are
1196 2085 1393 2123 therefore
1413 2084 1591 2130 allowed,
1614 2090 1754 2132 except
1773 2096 1816 2121 as

224 2160 266 2191 to
286 2153 353 2191 the
373 2153 453 2191 free
473 2152 602 2199 chase,
625 2150 745 2201 livery
765 2151 811 2188 of
837 2150 951 2188 wood
981 2161 1081 2187 once
1111 2162 1133 2187 a
1166 2162 1267 2199 year,
1290 2149 1370 2187 and
1391 2161 1553 2198 escapes
1574 2148 1619 2186 of
1634 2148 1751 2185 cattle
1773 2148 1819 2185 of

224 2217 526 2256 non-residents.

278 2282 456 2320 Thomas
476 2281 599 2318 Wake
621 2281 666 2319 of
694 2279 852 2318 Liddell
886 2278 1022 2316 claims
1051 2285 1093 2317 to
1123 2291 1270 2328 appear
1297 2280 1349 2328 by
1370 2279 1429 2317 his
1459 2279 1611 2317 officers
1632 2284 1672 2316 at
1701 2290 1817 2325 every

226 2346 471 2384 attachment
493 2346 627 2391 Court,
650 2345 729 2383 and
750 2351 791 2382 to
812 2344 882 2382 ask
911 2344 969 2381 for
1002 2345 1081 2381 and
1115 2343 1267 2382 receive
1297 2343 1427 2393 livery,
1449 2343 1664 2392 according
1684 2349 1725 2380 to
1746 2342 1815 2380 the

227 2409 347 2451 assize
368 2411 411 2448 of
426 2410 493 2449 the
514 2410 642 2456 forest,
665 2410 724 2447 for
751 2409 915 2447 himself
942 2408 1022 2445 and
1057 2407 1116 2445 his
1150 2415 1307 2446 tenants
1341 2406 1475 2445 within
1507 2408 1575 2445 the
1605 2407 1755 2455 barony
1776 2407 1822 2444 of

229 2473 469 2522 Middleton,
491 2473 531 2511 in
551 2475 617 2512 the
638 2473 917 2512 commonable
937 2473 1072 2510 woods
1093 2471 1226 2510 within
1248 2473 1314 2510 the
1334 2473 1493 2521 barony,
1518 2478 1587 2509 not
1607 2470 1813 2519 including

229 2540 297 2578 the
318 2539 426 2577 Frith
455 2539 532 2577 and
566 2537 875 2584 Holtwaitbank,
899 2536 1026 2575 which
1061 2536 1090 2574 it
1124 2537 1194 2575 has
1223 2538 1326 2575 been
1358 2535 1529 2575 decided
1563 2548 1629 2573 are
1662 2536 1756 2573 held
1776 2535 1817 2572 in

230 2605 419 2653 severalty
454 2603 611 2642 outside
640 2604 706 2642 the
737 2603 901 2653 regard3
929 2602 979 2640 he
1008 2603 1091 2640 also
1122 2601 1257 2639 claims
1290 2602 1357 2640 the
1392 2602 1490 2639 fines
1523 2600 1564 2638 in
1598 2599 1657 2638 his
1693 2600 1818 2639 Court

231 2667 375 2718 arising
403 2669 503 2706 from
538 2669 605 2706 the
636 2668 753 2705 cattle
788 2668 834 2705 of
862 2666 1155 2705 non-residents
1185 2667 1311 2704 found
1341 2667 1422 2705 and
1455 2666 1639 2704 attached
1674 2665 1724 2715 by
1758 2664 1818 2703 his

232 2733 382 2777 officers
403 2733 538 2771 before
557 2732 624 2770 the
645 2733 768 2770 Earl's
789 2732 939 2769 officers
961 2731 1042 2769 find
1071 2732 1151 2768 and
1180 2731 1309 2769 attach
1331 2731 1439 2769 them
1460 2730 1500 2768 in
1521 2731 1572 2768 all
1592 2730 1659 2768 the
1679 2730 1815 2767 woods

231 2797 367 2835 within
386 2797 452 2835 the
473 2797 630 2845 barony.
692 2798 760 2834 He
791 2796 822 2833 is
851 2796 971 2845 ready
1000 2802 1041 2833 to
1072 2808 1193 2843 prove
1228 2795 1312 2833 that
1345 2795 1396 2832 he
1428 2795 1508 2833 and
1537 2794 1597 2832 his
1619 2800 1819 2831 ancestors

233 2861 398 2911 holding
417 2862 483 2900 the
503 2862 651 2910 barony
671 2862 771 2899 have
792 2861 963 2910 enjoyed
992 2860 1103 2897 these
1134 2859 1267 2909 rights,
1290 2872 1332 2897 as
1367 2865 1630 2908 appurtenant
1650 2858 1817 2904 thereto,

234 2926 334 2963 from
354 2924 448 2964 time
469 2924 729 2963 immemorial
750 2924 913 2963 without
934 2922 1201 2973 interruption.
1258 2924 1347 2962 The
1366 2924 1462 2973 Jury
1482 2924 1565 2962 find
1586 2923 1669 2961 that
1689 2921 1765 2961 this
1786 2921 1818 2960 is

235 2990 303 3029 the
322 3002 423 3037 case,
445 2990 524 3028 and
546 2990 610 3033 the
632 2988 768 3029 claims
789 3002 853 3028 are
873 2989 1049 3031 allowed,
