2044 3491
312 213 368 264 48
681 222 853 254 DUCHY
885 222 946 255 OF
979 222 1268 255 LANCASTER
1301 223 1535 257 RECORDS.

366 321 469 358 Item
499 326 726 369 presentant
756 320 866 370 quod
896 327 986 359 octo
1016 320 1133 371 hoggi
1163 333 1371 371 porcorum
1401 321 1469 371 qui
1497 322 1653 360 fuerunt
1677 319 1820 360 Prioris
1849 321 1901 360 de

312 383 571 433 Bridlyngton
600 383 750 422 inventi
777 385 934 423 fuerunt
964 384 1063 423 infra
1084 394 1316 435 coopertum
1345 397 1525 435 tempore
1554 385 1739 436 pannagii
1760 393 1798 424 et
1819 398 1900 424 non

312 448 466 498 agistati
484 463 491 494 ;
511 448 632 498 precii
652 448 743 497 viijS.
804 450 905 487 Ideo
926 449 1032 488 idern
1055 450 1164 489 Prior
1184 449 1449 499 respondebit.

369 514 471 551 Item
500 521 728 562 presentant
758 515 865 563 quod
896 527 962 552 sex
994 515 1111 564 hoggi
1143 528 1353 564 porcorum
1387 514 1507 564 precii
1537 513 1608 564 xijd
1638 521 1676 553 et
1705 513 1760 563 iiij
1792 513 1901 564 porci

311 577 434 627 precii
454 577 495 627 ijS
515 578 582 627 qui
603 579 760 616 fuerunt
781 578 960 628 Magistri
980 579 1031 617 de
1052 580 1243 628 Staynton
1274 578 1422 617 inventi
1443 580 1599 617 fuerunt
1619 579 1717 617 infra
1738 591 1901 628 cooper-

311 648 394 680 tum
418 655 552 680 mense
572 643 737 681 defenso
758 656 839 680 non
861 643 1025 692 agistati.
1087 644 1186 681 Ideo
1207 643 1314 682 idem
1337 643 1527 693 Magister
1547 643 1814 693 respondebit.

367 708 470 745 Item
491 715 716 756 presentant
733 709 840 757 quod
862 709 939 746 due
960 721 1027 746 sue
1050 705 1133 760 [sic]
1154 721 1230 757 que
1251 709 1408 746 fuerunt
1431 707 1596 746 Galfridi
1616 715 1698 746 atte
1722 708 1841 745 Halle
1862 712 1901 744 et

313 771 461 822 Rogeri
490 773 649 811 Salman
679 771 839 811 invente
869 774 1024 811 fuerunt
1054 773 1152 810 infra
1186 781 1418 822 coopertum
1453 785 1589 810 mense
1623 773 1788 810 defenso
1817 784 1900 809 non

312 837 498 887 agistate3
521 837 640 887 precii
661 838 712 886 ijs.
774 838 874 876 Ideo
895 837 1015 876 iidem
1038 837 1237 876 Galfridus
1261 844 1299 875 et
1322 838 1500 887 Rogerus
1520 837 1830 886 respondebunt.

367 904 469 941 Item
491 910 717 952 presentant
740 903 849 952 quod
871 910 1040 952 quatuor
1068 902 1176 952 porci
1199 902 1266 952 qui
1287 904 1444 940 fuerunt
1475 901 1653 940 Godardi
1674 902 1724 939 de
1746 903 1903 939 Roston

312 967 462 1006 inventi
483 969 638 1006 fuerunt
659 968 757 1006 infra
778 976 1010 1017 coopertum
1042 980 1178 1006 mense
1207 968 1371 1006 defenso
1400 979 1483 1005 non
1511 965 1679 1016 agistati,
1704 965 1826 1016 precii
1847 965 1900 1014 ijs.

313 1033 415 1070 Ideo
435 1031 542 1070 idem
564 1033 775 1070 Godardus
796 1021 1063 1081 respondebit.

368 1100 470 1136 Item
491 1105 717 1147 presentant
739 1099 847 1147 quod
873 1104 964 1135 octo
993 1095 1111 1146 hoggi
1141 1109 1353 1145 porcorum
1375 1096 1441 1145 qui
1463 1097 1619 1134 fuerunt
1638 1094 1832 1145 Johannis
1853 1095 1904 1134 de

313 1164 517 1212 Stapelton
539 1161 605 1212 qui
626 1161 723 1200 obiit
744 1161 895 1200 inventi
916 1163 1072 1199 fuerunt
1093 1160 1192 1198 infra
1213 1168 1447 1210 coopertum
1479 1173 1615 1198 mense
1637 1161 1801 1199 defenso
1822 1172 1904 1197 non

311 1226 464 1277 agistati
498 1226 619 1276 precii
653 1226 733 1275 iiijS.
794 1227 917 1266 Unde
952 1225 1109 1275 Juliana
1148 1238 1246 1263 uxor
1276 1226 1361 1274 ejus
1393 1233 1431 1263 et
1465 1227 1664 1264 Robertus
1695 1225 1904 1265 Cockerell

314 1300 542 1332 executores
564 1291 789 1330 testamenti
810 1291 977 1341 predicti
997 1289 1190 1340 Johannis
1212 1291 1522 1339 respondebunt.

368 1359 471 1395 Item
494 1364 721 1406 presentant
742 1357 850 1406 quod
872 1355 924 1405 iiij
948 1354 1056 1405 porci
1084 1354 1204 1404 precii
1224 1354 1306 1403 viijS
1326 1362 1363 1393 et
1386 1362 1461 1393 tres
1483 1352 1600 1403 hoggi
1620 1352 1740 1402 precii
1762 1351 1816 1401 iij⁵
1836 1351 1904 1402 qui

313 1424 470 1461 fuerunt
491 1421 675 1460 Nicholai
704 1421 772 1459 filii
803 1420 950 1471 Rogeri
980 1422 1030 1458 de
1061 1421 1219 1458 Lokton
1249 1419 1398 1457 inventi
1428 1421 1584 1457 fuerunt
1604 1418 1644 1456 in
1665 1417 1904 1456 Staniheved

315 1500 451 1526 mense
472 1488 635 1525 defenso
655 1499 736 1524 non
757 1486 921 1536 agistati.
983 1486 1082 1523 Ideo
1103 1485 1342 1534 respondeat
1363 1483 1469 1522 idem
1492 1483 1720 1522 Nicholaus.

370 1554 472 1591 Item
494 1558 721 1602 presentant
743 1551 850 1600 quod
880 1563 948 1588 sex
977 1549 1086 1598 porci
1108 1548 1174 1598 qui
1203 1549 1359 1586 fuerunt
1380 1547 1512 1586 vicarii
1533 1548 1584 1586 de
1606 1548 1814 1585 Ellerburn
1837 1545 1904 1596 qui

315 1617 412 1656 obiit
432 1615 581 1655 inventi
601 1617 756 1654 fuerunt
777 1615 817 1652 in
839 1616 970 1653 alneto
998 1616 1108 1664 juxta
1128 1613 1258 1651 villam
1280 1614 1335 1651 de
1353 1613 1559 1651 Ellerburn
1582 1625 1717 1650 mense
1738 1613 1904 1650 defenso

313 1681 434 1732 precii
463 1681 513 1731 ijs.
572 1681 695 1719 Unde
730 1681 929 1718 Robertus
963 1681 1060 1717 Brus
1092 1686 1130 1717 et
1158 1679 1364 1728 Johannes
1394 1679 1494 1717 filius
1525 1676 1640 1716 Ade*
1671 1684 1904 1715 executores

313 1745 537 1786 testamenti
557 1745 724 1795 predicti
744 1745 876 1783 vicarii
895 1744 1207 1794 respondebunt.
1512 1732 1520 1734 i

368 1814 470 1851 Item
492 1817 718 1861 presentant
739 1811 848 1859 quod
879 1822 945 1847 sex
974 1808 1083 1858 porci
1103 1807 1171 1858 qui
1200 1809 1358 1846 fuerunt
1387 1807 1581 1858 persone†
1613 1808 1664 1845 de
1694 1807 1902 1844 Thornton

312 1876 381 1927 qui
402 1876 499 1915 obiit
527 1875 676 1914 inventi
707 1876 863 1913 fuerunt
893 1873 992 1911 infra
1020 1881 1253 1922 coopertum
1283 1886 1420 1911 mense
1450 1873 1616 1911 defenso
1643 1885 1726 1909 non
1747 1870 1902 1921 agistati

312 1940 434 1991 precii
471 1941 522 1990 ij⁵‚
559 1941 667 1978 unde
701 1939 924 1977 Alexander
962 1939 1013 1976 de
1053 1937 1180 1987 Bergh
1223 1937 1337 1975 heres
1376 1944 1414 1975 et
1453 1944 1639 1975 executor
1678 1935 1903 1975 testamenti

314 2006 492 2054 ejusdem
514 2017 682 2054 persone
701 2002 969 2054 respondebit.

368 2135 520 2174 Similar
542 2134 683 2173 entries
704 2147 745 2172 as
766 2141 807 2172 to
829 2133 934 2183 eight
954 2133 1064 2182 hogs,
1087 2133 1154 2171 the
1188 2139 1372 2182 property
1403 2133 1449 2170 of
1477 2132 1543 2170 the
1575 2130 1687 2169 Prior
1720 2132 1766 2169 of
1793 2130 1904 2169 Brid-

313 2200 476 2250 lington‚
499 2202 612 2238 value
645 2202 682 2237 85
700 2214 710 2247 ;
739 2200 819 2237 and
840 2198 880 2236 in
900 2200 1014 2237 fence
1034 2198 1186 2244 month‚
1209 2197 1266 2234 six
1286 2197 1384 2246 hogs
1406 2198 1518 2235 value
1543 2203 1589 2243 1⁵,
1610 2196 1691 2234 and
1711 2197 1798 2234 four
1817 2195 1902 2245 pigs

313 2266 429 2303 value
452 2273 499 2311 25,
519 2263 552 2316 [?
573 2262 702 2315 each],
716 2264 784 2301 the
799 2269 983 2312 property
999 2262 1044 2299 of
1054 2262 1121 2299 the
1138 2268 1282 2298 master
1298 2261 1342 2298 of
1359 2260 1539 2298 Stainton
1555 2275 1565 2308 ς
1586 2268 1661 2299 two
1675 2273 1772 2298 sows
1787 2262 1902 2299 value

318 2336 365 2376 25,
382 2330 448 2367 the
465 2336 647 2379 property
665 2329 710 2366 of
726 2328 910 2376 Geoffrey
926 2333 1005 2364 atte
1024 2326 1119 2363 Hall
1135 2326 1214 2363 and
1236 2326 1369 2374 Roger
1385 2325 1542 2363 Salman
1562 2339 1572 2372 3
1592 2326 1679 2363 four
1690 2324 1775 2375 pigs
1787 2326 1903 2364 value

318 2400 366 2440 25,
381 2394 449 2432 the
465 2400 648 2443 property
664 2394 710 2431 of
725 2393 888 2432 Godard
910 2393 959 2430 de
982 2393 1136 2429 Ruston
1154 2405 1165 2439 3
1185 2390 1292 2439 eight
1312 2390 1409 2439 hogs
1431 2391 1543 2428 value
1564 2397 1613 2437 45,
1629 2390 1696 2428 the
1716 2397 1901 2440 property

315 2458 361 2496 of
375 2458 483 2507 John
504 2458 554 2496 de
575 2458 779 2507 Stapelton
801 2456 1008 2503 deceased,
1030 2455 1198 2505 Juliana,
1216 2454 1276 2492 his
1292 2454 1388 2500 wife,
1404 2455 1482 2492 and
1504 2456 1657 2493 Robert
1679 2455 1897 2502 Cockerell,

315 2522 375 2561 his
396 2529 612 2569 executors‚
635 2535 700 2561 are
719 2521 963 2571 responsible
977 2535 988 2569 3
1017 2521 1105 2558 four
1123 2519 1210 2569 pigs
1229 2520 1344 2558 value
1367 2522 1416 2566 85,
1437 2519 1516 2557 and
1538 2519 1647 2558 three
1668 2520 1765 2568 hogs
1785 2521 1901 2558 value

317 2595 366 2636 3⁵,
389 2588 455 2626 the
475 2595 658 2637 property
679 2589 724 2625 of
739 2587 941 2634 Nicholas‚
963 2598 1036 2624 son
1057 2586 1101 2623 of
1117 2586 1250 2633 Roger
1270 2585 1314 2623 of
1330 2584 1522 2631 Lockton,
1546 2584 1673 2622 found
1692 2583 1732 2622 in
1753 2585 1902 2634 Stoney

317 2652 420 2690 head
435 2666 446 2700 3
468 2651 524 2689 six
544 2652 628 2701 pigs
644 2653 758 2690 value
777 2659 825 2698 25,
842 2652 909 2689 the
929 2657 1111 2700 property
1128 2650 1173 2688 of
1189 2650 1254 2687 the
1269 2650 1346 2688 late
1361 2648 1467 2687 vicar
1483 2650 1528 2687 of
1539 2649 1758 2694 Ellerburn,
1776 2649 1901 2688 found

315 2716 357 2754 in
370 2730 420 2754 an
434 2717 657 2756 alderwood
674 2730 767 2755 near
782 2719 849 2755 the
865 2715 1003 2765 village
1019 2729 1030 2763 3
1060 2715 1213 2753 Robert
1227 2716 1354 2752 Bruce
1367 2715 1446 2752 and
1466 2715 1585 2763 John,
1604 2726 1676 2751 son
1697 2715 1742 2752 of
1755 2715 1897 2762 Adam,

318 2780 377 2819 his
410 2789 623 2828 executors‚
646 2794 711 2820 are
745 2781 987 2831 responsible
1002 2795 1012 2829 3
1046 2780 1102 2818 six
1133 2780 1217 2829 pigs
1250 2780 1362 2817 value
1386 2786 1432 2825 2⁵,
1454 2779 1520 2817 the
1552 2786 1735 2828 property
1765 2781 1810 2818 of
1833 2780 1900 2818 the

315 2846 392 2883 late
412 2847 562 2884 Rector
582 2847 627 2885 of
641 2848 860 2894 Thornton‚
883 2847 1106 2885 Alexander
1125 2847 1176 2884 de
1198 2845 1337 2894 Bergh,
1359 2843 1419 2882 his
1439 2843 1523 2882 heir
1542 2845 1621 2882 and
1642 2851 1838 2892 executor,
1869 2844 1900 2882 is

317 2909 561 2960 responsible
574 2925 584 2959 3
615 2918 691 2950 two
725 2911 809 2961 pigs
829 2912 910 2951 and
930 2918 1006 2949 two
1026 2911 1133 2960 hogs‚
1156 2911 1270 2948 value
1290 2909 1505 2959 altogether
1535 2910 1583 2955 65,
1620 2909 1687 2947 the
1718 2917 1900 2959 property

580 3003 597 3018 ³⁶
624 3004 789 3045 Probably
805 3004 860 3036 the
876 3003 1043 3045 quondam
1061 3013 1165 3040 reeve,
1186 3013 1232 3033 see
1247 3002 1321 3033 Vol.
1346 3002 1406 3039 11.‚
1428 3002 1529 3040 N.S.‚
1548 3013 1580 3043 p.
1605 3010 1652 3041 14.

575 3054 596 3089 †
619 3055 700 3087 This
718 3066 782 3087 was
799 3055 945 3087 William
963 3055 1003 3088 de
1022 3054 1140 3096 Bergh,
1160 3064 1206 3085 see
1222 3054 1296 3086 Vol.
1318 3054 1378 3093 11.,
1402 3053 1442 3085 N.
1452 3054 1500 3093 S„
1520 3065 1550 3094 p.
1573 3053 1623 3092 78.
