2044 3491
744 238 913 270 coRAM
948 237 1076 269 REGE
1109 237 1275 270 ROLLS.
1733 232 1812 283 189

220 345 290 382 per
309 332 470 372 servicia
499 346 576 383 que
606 334 657 372 ad
692 334 870 384 predicta
901 341 1130 373 tenementa
1167 334 1362 384 pertinent
1396 333 1701 385 imperpetuum.
1760 338 1812 375 Et

219 396 251 434 si
272 396 473 447 contingat
493 398 604 447 quod
625 397 732 436 idem
753 398 946 447 Johannis
970 401 1115 449 Moryn
1137 398 1279 437 obierit
1300 398 1384 437 sine
1405 399 1552 438 herede
1572 402 1623 439 de
1644 415 1811 451 corpore

218 473 291 498 suo
312 468 527 510 procreato,
550 469 645 500 ωηο
665 469 754 512 post
775 464 982 501 decessum
1019 463 1194 512 ipsorum
1217 462 1411 512 Johannis
1442 471 1480 502 et
1517 464 1697 504 Dionisie
1728 479 1811 515 pre-

220 524 326 563 dicta
355 533 583 564 tenementa
611 539 702 564 cum
736 526 987 576 pertinenciis
1016 526 1165 577 integre
1200 527 1459 566 remanebunt
1493 529 1668 577 Johanni
1702 530 1810 568 filio*

219 590 398 638 ejusdem
436 590 629 639 Johannis
678 592 823 640 Moryn
862 598 900 629 et
944 592 1156 630 heredibus
1195 592 1246 630 de
1284 605 1448 642 corpore
1486 606 1560 632 suo
1595 595 1809 643 procreatis

217 655 391 692 tenenda
429 655 479 693 de
518 654 753 705 capitalibus
799 655 971 694 dominis
1023 655 1130 694 feodi
1183 655 1285 694 illius
1327 670 1395 706 per
1441 657 1604 697 servicia
1642 672 1721 708 que
1760 660 1811 698 ad

221 718 397 768 predicta
431 726 658 758 tenementa
692 719 888 769 pertinent
921 719 1225 770 imperpetuum.
1304 722 1355 760 Et
1390 721 1420 760 si
1459 722 1662 773 contingat
1702 725 1812 773 quod

220 783 326 822 idem
348 784 550 834 Johannes
572 783 671 822 filius
691 784 884 834 Johannis
905 785 1045 823 obierit
1074 785 1157 823 sine
1188 786 1333 824 herede
1368 787 1418 824 de
1447 800 1612 836 corpore
1634 800 1705 825 suo
1726 800 1812 837 pro-

222 856 354 886 creato
375 856 469 886 tunc
498 855 588 898 post
618 849 827 887 decessum
860 848 984 898 ipsius
1018 849 1211 898 Johannis
1247 850 1423 899 predicta
1455 858 1683 890 tenementa
1717 866 1809 890 cum

222 912 474 962 pertinenciis
505 914 653 963 integre
682 915 943 952 remanebunt
973 913 1147 952 Ricardo
1181 914 1287 952 fratri
1317 916 1494 964 ejusdem
1529 916 1721 965 Johannis
1743 916 1812 954 filii

221 978 416 1027 Johannis
446 985 484 1017 et
514 978 725 1017 heredibus
755 979 805 1017 de
834 991 998 1027 corpore
1028 991 1099 1016 suo
1130 979 1341 1027 procreatis
1372 980 1545 1018 tenenda
1565 981 1615 1019 de
1636 980 1810 1030 capitali-

221 1043 294 1080 bus
333 1041 503 1081 dominis
543 1042 650 1081 feodi
693 1042 794 1081 illius
837 1056 907 1092 per
949 1041 1111 1081 servicia
1155 1055 1232 1092 que
1272 1044 1324 1082 ad
1367 1044 1543 1094 predicta
1581 1051 1810 1083 tenementa

223 1106 420 1156 pertinent
440 1106 738 1157 imperpetuum.
800 1109 851 1145 Et
881 1106 912 1145 si
942 1107 1145 1157 contingat
1175 1109 1282 1157 quod
1317 1109 1423 1147 idem
1454 1109 1650 1148 Ricardus
1671 1109 1811 1148 obierit

223 1171 308 1210 sine
337 1172 484 1210 herede
522 1173 573 1211 de
611 1185 776 1221 corpore
805 1185 877 1210 suo
921 1179 1127 1222 procreato
1168 1179 1262 1210 tunc
1309 1181 1399 1222 post
1442 1174 1650 1212 decessum
1689 1173 1811 1223 ipsius

224 1235 401 1274 Ricardii
447 1236 623 1286 predicta
662 1244 890 1276 tenementa
933 1250 1024 1275 cum
1065 1236 1320 1287 pertinenciis
1361 1237 1512 1288 integre
1551 1240 1812 1277 remanebunt

223 1299 369 1350 Agneti
390 1301 440 1339 de
462 1302 648 1340 Kelstern
679 1309 718 1339 et
747 1302 959 1340 heredibus
995 1301 1181 1340 masculis
1220 1302 1271 1339 de
1305 1314 1470 1351 corpore
1505 1315 1577 1340 suo
1598 1302 1811 1351 procreatis

223 1366 398 1403 tenenda
445 1367 495 1404 de
534 1365 766 1413 capitalibus
807 1366 980 1405 dominis
1023 1365 1130 1404 feodi
1178 1365 1279 1404 illius
1328 1379 1398 1414 per
1439 1365 1600 1404 servicia
1647 1379 1725 1416 que
1760 1367 1812 1404 ad

224 1429 402 1479 predicta
457 1437 684 1469 tenementa
754 1431 953 1481 pertinent
1019 1431 1322 1480 imperpetuum.
1412 1431 1463 1468 Et
1520 1429 1551 1468 si
1607 1430 1811 1480 contingat

225 1495 334 1544 quod
383 1496 522 1533 eadem
575 1497 708 1546 Agnes
765 1495 906 1534 obierit
962 1496 1046 1534 sine
1102 1496 1248 1534 herede
1305 1496 1480 1534 masculo
1539 1496 1589 1533 de
1645 1508 1811 1545 corpore

226 1572 298 1597 suo
333 1567 538 1609 procreato
583 1567 677 1598 tunc
724 1567 813 1610 post
861 1561 1068 1599 decessum
1112 1559 1234 1610 ipsius
1269 1560 1433 1610 Agnetis
1481 1559 1659 1610 predicta
1705 1568 1812 1599 tene-

225 1631 358 1662 menta
391 1637 481 1662 cum
522 1624 775 1674 pertinenciis
813 1625 962 1675 integre
991 1627 1253 1664 remanebunt
1282 1623 1456 1674 Johanni
1495 1626 1546 1663 de
1586 1626 1741 1663 Malton
1772 1633 1811 1664 et

224 1689 435 1728 heredibus
465 1689 646 1727 masculis
676 1690 726 1728 de
756 1702 921 1739 corpore
951 1702 1023 1727 suo
1053 1689 1266 1739 procreatis
1296 1690 1469 1728 tenenda
1499 1690 1549 1728 de
1579 1689 1811 1739 capitalibus

225 1754 396 1793 dominis
417 1754 525 1793 feodi
555 1754 655 1793 illius
685 1767 753 1804 per
788 1754 949 1792 servicia
983 1767 1062 1804 que
1091 1756 1142 1793 ad
1173 1755 1348 1804 predicta
1368 1761 1594 1793 tenementa
1615 1755 1813 1804 pertinent

225 1819 524 1869 imperpetuum.
586 1821 636 1857 Et
658 1818 690 1857 si
710 1819 912 1869 contingat
941 1820 1051 1869 quod
1071 1818 1176 1857 idem
1196 1820 1400 1868 Johannes
1422 1820 1472 1858 de
1494 1821 1650 1858 Malton
1671 1820 1813 1859 obierit

226 1883 310 1922 sine
340 1884 485 1922 herede
515 1886 692 1922 masculo
722 1885 773 1922 de
807 1896 971 1933 corpore
1003 1896 1074 1921 suo
1109 1891 1314 1933 procreato
1346 1891 1442 1922 tunc
1476 1891 1566 1933 post
1602 1885 1809 1923 decessum

225 1947 346 1997 ipsius
366 1948 561 1998 Johannis
590 1948 767 1999 predicta
800 1955 1027 1987 tenementa
1056 1962 1147 1986 cum
1177 1948 1430 1998 pertinenciis
1462 1949 1610 1999 integre
1639 1962 1814 1989 remane-

225 2012 326 2050 bunt
354 2012 469 2051 rectis
499 2014 708 2052 Heredibus
738 2013 904 2064 predicti
934 2013 1127 2063 Johannis
1150 2015 1295 2063 Moryn
1316 2014 1488 2051 tenenda
1509 2014 1559 2051 de
1580 2014 1812 2064 capitalibus

225 2077 397 2116 dominis
417 2078 524 2116 feodi
545 2077 646 2116 illius
679 2091 747 2128 per
775 2077 937 2116 servicia
967 2091 1043 2127 que
1077 2079 1127 2116 ad
1150 2078 1326 2128 predicta
1359 2085 1585 2116 tenementa
1615 2079 1812 2128 pertinent

225 2141 525 2192 imperpetuum.

278 2208 422 2245 Postea
459 2209 509 2245 ad
549 2214 696 2246 sectam
734 2206 903 2258 predicti
933 2206 1100 2245 Henrici
1133 2207 1302 2247 Comitis
1342 2207 1571 2247 Lancastrie
1597 2208 1810 2248 asserentis

223 2324 327 2363 issue
369 2331 411 2363 to
450 2326 566 2374 John,
623 2339 695 2364 son
739 2327 785 2364 of
821 2326 881 2365 Sir
937 2327 1043 2377 John
1089 2329 1234 2378 Moryn
1281 2328 1361 2366 and
1406 2329 1473 2366 the
1512 2328 1615 2366 heirs
1659 2330 1704 2366 of
1753 2329 1813 2367 his

223 2390 339 2438 body,
396 2391 474 2428 and
528 2389 567 2428 in
625 2391 773 2429 default
824 2393 869 2429 of
916 2392 1014 2429 such
1067 2392 1170 2431 issue
1225 2399 1267 2430 to
1321 2393 1380 2431 his
1430 2393 1590 2431 brother
1637 2392 1813 2431 Richard

223 2455 304 2492 and
342 2455 409 2492 the
450 2454 552 2492 heirs
606 2456 650 2493 of
696 2455 755 2493 his
812 2456 930 2505 body,
980 2457 1060 2494 and
1111 2456 1151 2494 in
1192 2457 1340 2495 default
1388 2458 1433 2496 of
1468 2458 1562 2495 such
1618 2457 1721 2496 issue
1769 2464 1811 2496 to

222 2521 354 2569 Agnes
396 2521 581 2558 Kelstern
614 2522 694 2559 and
732 2521 799 2559 the
837 2520 938 2559 heirs
976 2522 1079 2560 male
1117 2523 1161 2560 of
1197 2522 1266 2560 her
1304 2522 1422 2570 body,
1463 2522 1541 2559 and
1589 2521 1629 2558 in
1664 2523 1813 2560 default

185 2577 193 2581 ”
225 2585 269 2622 of
294 2585 390 2622 such
412 2584 514 2623 issue
535 2591 575 2622 to
595 2586 702 2633 John
733 2586 783 2623 de
814 2587 972 2624 Malton
1003 2586 1081 2624 and
1112 2587 1178 2624 the
1199 2586 1302 2624 heirs
1325 2587 1427 2625 male
1448 2587 1493 2624 of
1516 2585 1575 2623 his
1593 2586 1711 2635 body,
1733 2586 1813 2624 and

223 2649 263 2686 in
284 2650 430 2687 default
451 2651 495 2687 of
519 2651 615 2688 such
637 2649 740 2688 issue
761 2658 801 2688 to
822 2651 888 2688 the
909 2650 1010 2700 right
1032 2651 1134 2688 heirs
1165 2652 1210 2688 of
1234 2650 1293 2689 Sir
1308 2652 1415 2700 John
1439 2652 1594 2699 Moryn,
1618 2651 1685 2688 the
1706 2657 1814 2688 tene-

224 2720 352 2751 ments
373 2713 413 2750 in
435 2727 548 2763 every
576 2727 666 2752 case
695 2721 737 2753 to
767 2715 816 2753 be
844 2715 937 2753 held
967 2716 1011 2753 of
1036 2716 1102 2753 the
1135 2715 1245 2754 chief
1271 2716 1377 2753 lords
1408 2716 1454 2753 of
1476 2716 1543 2753 the
1573 2716 1634 2753 fee
1663 2715 1714 2763 by
1742 2715 1810 2753 the

223 2777 389 2815 services
409 2777 535 2816 which
556 2778 700 2828 belong
729 2787 770 2817 to
799 2779 920 2818 them.
978 2781 1215 2818 Afterwards
1235 2781 1302 2818 the
1332 2779 1407 2818 suit
1437 2781 1482 2818 of
1501 2781 1636 2829 Henry
1658 2779 1750 2816 Earl
1771 2780 1817 2818 of

269 2858 284 2874 *
311 2858 326 2888 I
343 2858 387 2889 do
403 2861 461 2889 not
477 2858 677 2890 understand
695 2858 760 2890 this
783 2859 978 2891 remainder.
1030 2860 1063 2891 If
1087 2860 1140 2892 Sir
1163 2860 1283 2901 John’s
1309 2861 1395 2892 issue
1422 2860 1540 2891 should
1565 2859 1632 2897 fail,
1653 2859 1678 2890 it
1701 2858 1813 2890 would

223 2909 385 2949 naturally
414 2909 526 2941 follow
550 2910 621 2941 that
651 2910 702 2941 his
730 2910 817 2943 son's
848 2911 934 2943 issue
964 2916 1052 2943 must
1083 2912 1167 2943 have
1191 2911 1301 2943 failed.
1353 2912 1498 2952 Perhaps
1527 2912 1551 2942 it
1581 2911 1608 2942 is
1635 2921 1654 2941 a
1680 2920 1753 2941 case
1780 2910 1818 2941 of

222 2970 441 3001 unnecessary
456 2961 564 2992 words
587 2962 686 3002 being
712 2963 821 2994 added
844 2973 885 2994 ex
901 2963 1048 2995 uberiori
1068 2964 1203 3001 cautela,
1223 2963 1288 2994 and
1305 2973 1341 2994 as
1368 2961 1567 2994 Taltarurn’s
1583 2972 1656 2993 case
1672 2961 1738 2991 had
1755 2964 1815 2992 not

221 3011 302 3042 then
320 3012 403 3042 been
420 3011 558 3043 decided
582 3012 637 3044 the
654 3013 845 3046 distinction
861 3014 1012 3046 between
1029 3019 1142 3046 tenant
1159 3015 1193 3045 in
1209 3014 1267 3046 tail
1284 3014 1348 3045 and
1365 3025 1384 3045 a
1400 3018 1514 3046 tenant
1531 3013 1580 3045 for
1596 3013 1651 3044 lise
1668 3023 1743 3054 may
1756 3016 1814 3044 not

223 3063 309 3095 have
325 3063 410 3095 been
428 3064 620 3105 important.
