2044 3491
793 232 1029 264 COUCHER
1061 230 1202 263 BOOK.
1719 223 1795 274 165

203 330 425 369 Henricum
446 331 497 370 de
518 333 641 381 Percy
661 331 729 382 qui
749 331 789 369 in
816 329 1008 380 obsequio
1037 335 1172 367 nostro
1201 341 1271 379 per
1300 335 1531 378 perceptum
1553 334 1727 367 nostrum
1749 329 1789 368 in

201 394 376 443 partibus
415 396 465 434 de
504 395 704 434 Berewico
743 409 858 445 super
905 395 1095 433 Twedam
1144 401 1318 432 moratur
1365 393 1574 432 occasione
1621 393 1788 444 alicujus

202 458 334 507 placiti
369 458 497 508 ipsum
545 459 585 497 in
631 459 770 498 itinere
818 459 893 498 isto
940 458 1205 509 contingentis
1243 471 1378 496 coram
1416 458 1528 496 vobis
1577 458 1617 495 in
1654 458 1788 508 aliquo

201 535 284 560 non
332 524 557 571 molestetis,
600 537 675 563 nec
721 524 898 574 gravetis,
941 537 1016 562 nec
1058 522 1247 573 placitum
1291 522 1454 573 aliquod
1497 522 1590 560 inde
1620 523 1786 560 teneatis

202 587 392 636 quamdiu
441 588 481 626 in
529 588 721 638 obsequio
769 596 904 627 nostro
948 587 1096 627 steterit
1136 587 1374 637 supradicto,
1415 595 1454 625 et
1498 587 1608 636 quod
1655 586 1789 624 omnia

201 651 346 700 placita
402 659 440 691 et
494 652 570 691 alia
625 653 753 703 ipsum
814 652 1034 691 Henricum
1090 651 1130 690 in
1186 651 1324 691 itinere
1373 651 1549 702 predicto
1607 650 1789 701 qualiter-

202 729 373 767 cumque
416 717 624 768 tangencia
663 725 893 758 remaneant
939 717 979 755 in
1022 718 1164 756 eodem
1212 724 1314 755 statu
1352 716 1390 755 in
1435 729 1516 766 quo
1555 729 1662 753 nunc
1701 722 1791 754 sunt

201 794 327 832 usque
360 783 411 821 ad
450 785 592 822 festum
632 784 784 822 Pasche
823 782 1000 833 proxime
1040 783 1221 821 futurum.
1282 783 1402 821 Teste
1450 794 1513 819 me
1556 781 1642 831 ipso
1682 782 1790 831 apud

201 847 593 886 Westmonasterium
614 848 718 897 xxvij
743 848 807 887 die
827 846 1067 897 Septembris
1096 859 1202 884 anno
1231 845 1340 895 regni
1370 844 1493 884 nostri
1522 852 1675 883 octav0.
1737 846 1789 883 Et

200 910 341 949 virtute
375 913 487 962 cujus
519 912 646 951 brevis
679 914 837 962 loquela
870 911 1047 962 predicta
1067 911 1298 949 remanebat
1331 922 1458 959 usque
1492 909 1544 947 ad
1565 909 1788 958 predictum

202 976 344 1014 festum
396 978 548 1016 Pasche
585 977 626 1015 in
663 978 806 1016 eodem
847 985 949 1015 statu
989 989 1069 1026 quo
1109 988 1215 1013 nunc
1254 982 1327 1013 ete.
1386 977 1531 1013 Postea
1569 973 1633 1012 die
1674 975 1789 1012 Lune

200 1039 379 1089 proximo
400 1049 490 1091 post
510 1055 686 1080 mensem
716 1042 892 1092 predicte
922 1041 1072 1079 Pasche
1107 1041 1214 1091 apud
1246 1039 1439 1089 Pikeryng
1468 1052 1601 1077 coram
1631 1038 1790 1088 prefatis

202 1104 377 1145 Ricardo
399 1107 448 1145 de
469 1108 690 1157 Wylughby
704 1115 741 1145 et
761 1108 943 1156 Johanne
959 1107 1010 1144 de
1032 1106 1240 1154 Hambury
1255 1103 1486 1154 Justiciariis
1503 1111 1575 1142 ete.
1591 1102 1791 1153 predictus

204 1169 405 1209 Henricus
426 1172 476 1210 de
511 1174 636 1222 Percy
666 1185 734 1222 per
765 1179 1002 1210 attornatum
1035 1183 1151 1208 suum
1182 1168 1404 1219 predictum
1439 1168 1546 1206 venit
1578 1175 1616 1206 et
1647 1166 1792 1205 virtute

202 1233 400 1273 literarum
422 1235 518 1274 dicti
539 1236 707 1275 Comitis
729 1235 954 1274 Lancastrie
974 1234 1133 1285 prefatis
1164 1232 1395 1284 Justiciariis
1430 1232 1524 1271 inde
1554 1232 1791 1271 directarum

203 1299 317 1338 datus
340 1308 397 1339 est
417 1301 500 1339 dies
517 1314 643 1351 usque
663 1301 770 1340 diem
793 1300 931 1339 Martis
951 1299 1173 1349 proximum
1190 1305 1279 1348 post
1300 1305 1377 1336 tres
1399 1296 1638 1347 septimanas
1655 1296 1792 1335 Sancti

203 1364 412 1403 Michaelis
442 1372 513 1404 ete.
537 1367 642 1416 apud
673 1366 867 1415 Pikeryng
896 1365 936 1403 in
956 1365 1115 1413 loquela
1144 1362 1321 1413 predicta
1341 1361 1380 1400 in
1403 1363 1547 1400 eodem
1578 1368 1682 1399 statu
1712 1374 1792 1410 quo

201 1429 309 1478 prius
330 1437 402 1468 etc.
460 1432 525 1469 Ad
546 1444 665 1481 quem
687 1431 792 1470 diem
821 1431 929 1480 apud
964 1429 1156 1479 Pikeryng
1186 1440 1319 1465 coram
1348 1426 1507 1476 prefatis
1538 1425 1712 1464 Ricardo
1742 1426 1795 1464 de

202 1495 424 1544 Wylughby
455 1502 494 1533 et
523 1497 708 1544 Johanne
728 1496 778 1534 de
813 1495 1062 1533 Shardelowe
1091 1491 1321 1543 Justiciariis
1353 1499 1424 1530 etc.
1456 1491 1564 1530 venit
1593 1490 1794 1541 predictus

204 1559 405 1598 Henricus
435 1561 485 1598 de
515 1562 638 1610 Percy
658 1574 726 1610 per
754 1567 994 1599 attornatum
1027 1571 1141 1597 suurn
1171 1557 1393 1607 predictum
1428 1564 1465 1595 et
1494 1557 1626 1595 adhuc
1654 1555 1796 1595 virtute

203 1624 367 1662 aliarum
387 1624 600 1663 litterarum
633 1625 729 1663 dicti
760 1624 927 1664 Comitis
957 1623 1114 1674 prefatis
1148 1621 1380 1672 Justiciariis
1415 1621 1651 1660 directarum
1682 1621 1796 1659 datus

204 1696 262 1727 est
283 1689 367 1728 dies
387 1688 480 1728 inde
501 1691 652 1740 prefato
676 1689 855 1728 Henrico
876 1702 1000 1739 usque
1021 1688 1127 1727 diem
1148 1687 1259 1738 Jovis
1280 1686 1502 1738 proximum
1522 1693 1612 1737 post
1633 1687 1795 1724 octabas

204 1753 499 1792 Purificacionis
521 1755 636 1793 beate
658 1754 785 1793 Marie
815 1754 856 1792 in
886 1755 1028 1793 eodem
1064 1760 1167 1791 statu
1198 1765 1278 1802 quo
1307 1765 1416 1790 nunc
1445 1758 1517 1790 etc.
1578 1751 1643 1789 Ad
1674 1763 1795 1800 quem

204 1819 311 1858 diem
331 1821 438 1869 apud
460 1819 653 1869 Pikeryng
673 1832 805 1857 coram
841 1818 999 1868 prefatis
1020 1818 1205 1868 Johanne
1226 1817 1277 1855 de
1313 1817 1522 1865 Hambury
1551 1822 1590 1853 et
1620 1814 1796 1852 Ricardo

204 1885 254 1923 de
275 1885 312 1922 la
332 1886 429 1923 Pole
449 1884 578 1934 posito
598 1886 687 1923 loco
709 1884 875 1934 predicti
895 1881 1091 1934 Johannis
1111 1882 1161 1920 de
1192 1881 1443 1920 Shardelowe
1472 1879 1587 1917 unius
1616 1878 1797 1929 Justicia-

205 1949 348 1988 riorum
381 1951 432 1988 ad
464 1949 728 1989 itinerandum
751 1957 824 1989 etc.
847 1949 1135 1999 assignatorum
1169 1959 1237 1996 per
1267 1945 1421 1984 diversa
1456 1943 1588 1982 brevia
1617 1950 1691 1982 etc.
1714 1955 1794 1993 que

205 2014 300 2053 alibi
333 2014 597 2062 irrotulantur,
619 2014 727 2054 venit
757 2014 957 2065 predictus
988 2011 1188 2052 Henricus
1218 2011 1269 2049 de
1303 2012 1427 2060 Percy
1455 2022 1525 2059 per
1553 2016 1795 2046 attornatum

206 2093 320 2118 suum
355 2079 589 2130 predictum,
613 2087 651 2118 et
672 2079 817 2118 deinde
837 2092 906 2128 per
935 2078 1050 2116 aliam
1082 2076 1250 2114 litteram
1280 2073 1401 2124 ipsius
1432 2072 1601 2113 Comitis
1636 2071 1796 2122 prefatis

205 2144 435 2194 Justiciariis
456 2144 646 2182 directam
668 2143 760 2182 inde
782 2145 896 2181 datus
917 2150 974 2181 est
995 2141 1078 2180 dies
1099 2141 1251 2190 prefato
1269 2138 1447 2177 Henrico
1469 2151 1538 2188 per
1557 2144 1796 2176 attornatum

206 2222 319 2247 suurn
335 2209 556 2259 predictum
572 2221 699 2259 usque
715 2207 820 2246 diem
837 2206 1024 2246 Mercurii
1038 2205 1257 2256 proximum
1275 2210 1363 2253 post
1378 2204 1520 2242 festum
1538 2201 1795 2240 Ascensionis

208 2273 372 2312 Domini
393 2275 499 2324 apud
521 2274 714 2323 Pikeryng
734 2272 773 2310 in
795 2273 936 2311 eodem
958 2279 1061 2310 statu
1083 2283 1163 2320 quo
1184 2282 1290 2307 nunc
1311 2275 1384 2307 etc.
1444 2265 1572 2319 [Here
1594 2268 1724 2305 follow
1753 2279 1795 2304 as

206 2340 340 2378 before
370 2345 409 2377 at
439 2352 475 2389 p.
502 2350 547 2388 72
582 2345 813 2377 statements
843 2338 928 2375 that
957 2337 1023 2375 the
1043 2334 1214 2386 Justices
1235 2333 1355 2371 could
1376 2339 1446 2370 not
1467 2332 1516 2370 be
1537 2338 1694 2382 present
1714 2331 1795 2369 and

205 2406 289 2444 that
309 2418 331 2444 a
346 2418 431 2443 new
446 2404 528 2443 writ
545 2417 620 2443 was
640 2401 804 2455 issued.]
863 2401 975 2454 [316]
998 2403 1181 2440 Pretextu
1203 2399 1315 2447 cujus
1336 2396 1463 2436 brevis
1483 2403 1715 2447 preceptum
1735 2403 1795 2434 est,

205 2469 429 2509 vicecomiti
450 2469 692 2509 Eboracensi
721 2469 831 2518 quod
860 2464 1136 2506 resummoniri
1169 2462 1286 2502 faciat
1314 2461 1537 2512 predictum
1573 2460 1795 2499 Henricum

207 2537 330 2585 Percy
361 2536 469 2585 quod
491 2534 539 2573 sit
573 2547 706 2572 coram
741 2531 900 2583 prefatis
931 2528 1175 2581 JusticiariiS‚
1211 2526 1334 2566 tribus
1368 2528 1431 2565 vel
1466 2526 1622 2564 duobus
1657 2538 1795 2564 eorum

206 2601 313 2650 apud
334 2600 527 2650 Pikeryng
548 2599 612 2638 die
634 2600 746 2636 Lune
767 2596 946 2647 proximo
966 2602 1057 2646 post
1086 2595 1229 2632 festum
1259 2592 1393 2631 Sancti
1422 2592 1584 2629 Andree
1613 2589 1793 2640 apostoli,

207 2664 260 2704 ita
282 2665 391 2714 quod
412 2664 554 2714 placita
576 2670 614 2702 et
643 2675 851 2712 processus
872 2669 966 2700 tunc
996 2659 1072 2698 sint
1092 2657 1241 2697 ibidem
1260 2656 1300 2694 in
1335 2657 1479 2695 eodem
1510 2662 1613 2694 statu
1643 2655 1683 2693 in
1714 2667 1795 2704 quo

207 2731 362 2768 fuerunt
382 2729 488 2779 apud
508 2728 703 2778 Pikeryng
723 2727 902 2777 predicto
923 2726 988 2765 die
1009 2723 1117 2775 Jovis
1147 2721 1326 2772 proximo
1359 2728 1449 2771 post
1470 2722 1632 2759 octabas
1663 2718 1799 2757 Purifi-

208 2854 328 2904 King,
369 2854 489 2892 dated
527 2860 574 2903 at
603 2853 885 2901 Westminster‚
929 2864 974 2901 27
1016 2853 1258 2901 September,
1304 2863 1417 2900 1334,
1457 2848 1694 2898 adjourning
1722 2860 1799 2896 any

208 2932 298 2958 case
330 2918 371 2957 in
403 2917 528 2957 which
559 2918 610 2956 he
643 2931 719 2956 was
753 2918 967 2957 interested
1001 2917 1100 2955 until
1134 2918 1201 2956 the
1241 2918 1379 2954 Easter
1411 2913 1610 2963 following
1639 2926 1692 2951 on
1731 2913 1799 2951 the

207 2984 361 3034 ground
403 2984 486 3022 that
518 2983 569 3021 he
602 2995 678 3020 was
710 2982 804 3020 then
843 2981 996 3029 serving
1027 2987 1066 3019 at
1097 2979 1502 3020 Berwick-at-Tweed.
1576 2975 1716 3026 Owing
1758 2982 1800 3014 to

207 3050 340 3088 letters
361 3049 460 3087 from
484 3049 623 3097 Henry
643 3047 734 3085 Earl
765 3048 808 3085 of
841 3047 1064 3093 Lancaster,
1087 3046 1166 3084 and
1197 3043 1341 3083 similar
1373 3041 1474 3082 writs
1509 3042 1553 3080 of
1579 3039 1801 3092 protection
