<?xml version="1.0" encoding="UTF-8"?>
<!DOCTYPE html PUBLIC "-//W3C//DTD XHTML 1.0 Transitional//EN"
    "http://www.w3.org/TR/xhtml1/DTD/xhtml1-transitional.dtd">
<html xmlns="http://www.w3.org/1999/xhtml" xml:lang="en" lang="en">
 <head>
  <title>
</title>
<meta http-equiv="Content-Type" content="text/html;charset=utf-8" />
  <meta name='ocr-system' content='tesseract 3.04.00' />
  <meta name='ocr-capabilities' content='ocr_page ocr_carea ocr_par ocr_line ocrx_word'/>
</head>
<body>
  <div class='ocr_page' id='page_1' title='image "./honorforestofpic03turt_0076.png"; bbox 0 0 2044 3491; ppageno 0'>
   <div class='ocr_carea' id='block_1_1' title="bbox 321 209 1545 259">
    <p class='ocr_par' dir='ltr' id='par_1_1' title="bbox 321 209 1545 259">
     <span class='ocr_line' id='line_1_1' title="bbox 321 209 1545 259; baseline 0.002 -11"><span class='ocrx_word' id='word_1_1' title='bbox 321 209 374 259; x_wconf 85' lang='lat'>38</span> <span class='ocrx_word' id='word_1_2' title='bbox 689 218 861 251; x_wconf 81' lang='lat' dir='ltr'>DUCHY</span> <span class='ocrx_word' id='word_1_3' title='bbox 892 219 953 251; x_wconf 88' lang='lat' dir='ltr'>OF</span> <span class='ocrx_word' id='word_1_4' title='bbox 986 219 1276 252; x_wconf 85' lang='lat' dir='ltr'><strong>LANCASTER</strong></span> <span class='ocrx_word' id='word_1_5' title='bbox 1309 219 1545 253; x_wconf 85' lang='lat' dir='ltr'><strong>RECORDS.</strong></span> 
     </span>
    </p>
   </div>
   <div class='ocr_carea' id='block_1_2' title="bbox 320 316 1918 1862">
    <p class='ocr_par' dir='ltr' id='par_1_2' title="bbox 320 316 1913 942">
     <span class='ocr_line' id='line_1_2' title="bbox 323 316 1910 369; baseline -0.002 -13"><span class='ocrx_word' id='word_1_6' title='bbox 323 319 411 357; x_wconf 91' lang='lat' dir='ltr'>wod</span> <span class='ocrx_word' id='word_1_7' title='bbox 442 317 540 357; x_wconf 90' lang='lat' dir='ltr'>infra</span> <span class='ocrx_word' id='word_1_8' title='bbox 560 317 806 358; x_wconf 91' lang='lat' dir='ltr'>dominicum</span> <span class='ocrx_word' id='word_1_9' title='bbox 840 318 961 369; x_wconf 91' lang='lat' dir='ltr'>precii</span> <span class='ocrx_word' id='word_1_10' title='bbox 981 317 1029 369; x_wconf 89' lang='lat' dir='ltr'>ijd</span> <span class='ocrx_word' id='word_1_11' title='bbox 1048 319 1100 357; x_wconf 89' lang='lat' dir='ltr'>ad</span> <span class='ocrx_word' id='word_1_12' title='bbox 1121 331 1220 369; x_wconf 90' lang='lat' dir='ltr'>opus</span> <span class='ocrx_word' id='word_1_13' title='bbox 1242 317 1336 357; x_wconf 90' lang='lat' dir='ltr'>dicti</span> <span class='ocrx_word' id='word_1_14' title='bbox 1358 317 1512 364; x_wconf 89' lang='lat' dir='ltr'>Prioris,</span> <span class='ocrx_word' id='word_1_15' title='bbox 1536 323 1574 356; x_wconf 91' lang='lat' dir='ltr'>et</span> <span class='ocrx_word' id='word_1_16' title='bbox 1593 316 1700 355; x_wconf 89' lang='lat' dir='ltr'>illam</span> <span class='ocrx_word' id='word_1_17' title='bbox 1721 328 1910 366; x_wconf 90' lang='lat' dir='ltr'>quercum</span> 
     </span>
     <span class='ocr_line' id='line_1_3' title="bbox 321 380 1910 434; baseline -0.002 -13"><span class='ocrx_word' id='word_1_18' title='bbox 321 382 363 421; x_wconf 91' lang='lat' dir='ltr'>in</span> <span class='ocrx_word' id='word_1_19' title='bbox 396 382 583 422; x_wconf 88' lang='lat' dir='ltr'>cariando</span> <span class='ocrx_word' id='word_1_20' title='bbox 604 396 693 422; x_wconf 91' lang='lat' dir='ltr'>cum</span> <span class='ocrx_word' id='word_1_21' title='bbox 723 385 898 434; x_wconf 85' lang='lat' dir='ltr'>plaustro</span> <span class='ocrx_word' id='word_1_22' title='bbox 930 383 1051 434; x_wconf 90' lang='lat' dir='ltr'>precii</span> <span class='ocrx_word' id='word_1_23' title='bbox 1080 382 1139 421; x_wconf 78' lang='lat' dir='ltr'>xld</span> <span class='ocrx_word' id='word_1_24' title='bbox 1173 391 1212 422; x_wconf 91' lang='lat' dir='ltr'>et</span> <span class='ocrx_word' id='word_1_25' title='bbox 1240 383 1328 433; x_wconf 88' lang='lat' dir='ltr'>iiij0r</span> <span class='ocrx_word' id='word_1_26' title='bbox 1347 383 1474 422; x_wconf 88' lang='lat' dir='ltr'>bobus</span> <span class='ocrx_word' id='word_1_27' title='bbox 1505 382 1544 420; x_wconf 93' lang='lat' dir='ltr'>in</span> <span class='ocrx_word' id='word_1_28' title='bbox 1581 382 1721 420; x_wconf 91' lang='lat' dir='ltr'>eodem</span> <span class='ocrx_word' id='word_1_29' title='bbox 1751 380 1910 430; x_wconf 86' lang='lat' dir='ltr'>junctis,</span> 
     </span>
     <span class='ocr_line' id='line_1_4' title="bbox 320 445 1910 498; baseline -0.001 -13"><span class='ocrx_word' id='word_1_30' title='bbox 320 447 442 497; x_wconf 89' lang='lat' dir='ltr'>precii</span> <span class='ocrx_word' id='word_1_31' title='bbox 462 447 485 497; x_wconf 90' lang='lat' dir='ltr'>ij</span> <span class='ocrx_word' id='word_1_32' title='bbox 510 461 670 495; x_wconf 89' lang='lat' dir='ltr'>marcas,</span> <span class='ocrx_word' id='word_1_33' title='bbox 693 447 797 498; x_wconf 91' lang='lat' dir='ltr'>capti</span> <span class='ocrx_word' id='word_1_34' title='bbox 817 449 973 487; x_wconf 88' lang='lat' dir='ltr'>fuerunt</span> <span class='ocrx_word' id='word_1_35' title='bbox 994 455 1032 487; x_wconf 92' lang='lat' dir='ltr'>et</span> <span class='ocrx_word' id='word_1_36' title='bbox 1051 448 1203 487; x_wconf 89' lang='lat' dir='ltr'>liberati</span> <span class='ocrx_word' id='word_1_37' title='bbox 1225 447 1354 487; x_wconf 90' lang='lat' dir='ltr'>eidem</span> <span class='ocrx_word' id='word_1_38' title='bbox 1377 447 1499 486; x_wconf 92' lang='lat' dir='ltr'>Priori</span> <span class='ocrx_word' id='word_1_39' title='bbox 1527 446 1593 497; x_wconf 87' lang='lat' dir='ltr'>qui</span> <span class='ocrx_word' id='word_1_40' title='bbox 1620 448 1701 496; x_wconf 86' lang='lat' dir='ltr'>jam</span> <span class='ocrx_word' id='word_1_41' title='bbox 1732 445 1829 484; x_wconf 91' lang='lat' dir='ltr'>obiit</span> <span class='ocrx_word' id='word_1_42' title='bbox 1858 445 1910 483; x_wconf 91' lang='lat' dir='ltr'>ad</span> 
     </span>
     <span class='ocr_line' id='line_1_5' title="bbox 322 510 1913 563; baseline -0.003 -12"><span class='ocrx_word' id='word_1_43' title='bbox 322 514 644 562; x_wconf 90' lang='lat' dir='ltr'>respondendum</span> <span class='ocrx_word' id='word_1_44' title='bbox 663 526 770 551; x_wconf 88' lang='lat' dir='ltr'>nunc</span> <span class='ocrx_word' id='word_1_45' title='bbox 790 512 883 551; x_wconf 90' lang='lat' dir='ltr'>inde</span> <span class='ocrx_word' id='word_1_46' title='bbox 905 520 968 552; x_wconf 92' lang='lat' dir='ltr'>etc</span> <span class='ocrx_word' id='word_1_47' title='bbox 997 521 1187 563; x_wconf 84' lang='lat' dir='ltr'><strong>tanquam</strong></span> <span class='ocrx_word' id='word_1_48' title='bbox 1218 514 1268 551; x_wconf 93' lang='lat' dir='ltr'>de</span> <span class='ocrx_word' id='word_1_49' title='bbox 1296 512 1513 551; x_wconf 87' lang='lat' dir='ltr'>forisfactis.</span> <span class='ocrx_word' id='word_1_50' title='bbox 1574 512 1674 550; x_wconf 93' lang='lat' dir='ltr'>Ideo</span> <span class='ocrx_word' id='word_1_51' title='bbox 1705 511 1815 549; x_wconf 90' lang='lat' dir='ltr'>Prior</span> <span class='ocrx_word' id='word_1_52' title='bbox 1844 510 1913 559; x_wconf 91' lang='lat' dir='ltr'>qui</span> 
     </span>
     <span class='ocr_line' id='line_1_6' title="bbox 322 575 1912 627; baseline -0.001 -13"><span class='ocrx_word' id='word_1_53' title='bbox 322 590 430 615; x_wconf 90' lang='lat' dir='ltr'>nunc</span> <span class='ocrx_word' id='word_1_54' title='bbox 459 585 516 616; x_wconf 90' lang='lat' dir='ltr'>est</span> <span class='ocrx_word' id='word_1_55' title='bbox 536 577 629 616; x_wconf 91' lang='lat' dir='ltr'>inde</span> <span class='ocrx_word' id='word_1_56' title='bbox 648 577 904 627; x_wconf 86' lang='lat' dir='ltr'>respondebit</span> <span class='ocrx_word' id='word_1_57' title='bbox 925 584 962 616; x_wconf 93' lang='lat' dir='ltr'>et</span> <span class='ocrx_word' id='word_1_58' title='bbox 992 577 1167 616; x_wconf 88' lang='lat' dir='ltr'>similiter</span> <span class='ocrx_word' id='word_1_59' title='bbox 1204 579 1254 616; x_wconf 92' lang='lat' dir='ltr'>de</span> <span class='ocrx_word' id='word_1_60' title='bbox 1288 577 1420 627; x_wconf 89' lang='lat' dir='ltr'>precio</span> <span class='ocrx_word' id='word_1_61' title='bbox 1443 576 1554 615; x_wconf 90' lang='lat' dir='ltr'>viridi</span> <span class='ocrx_word' id='word_1_62' title='bbox 1574 575 1738 627; x_wconf 82' lang='lat' dir='ltr'><strong>predicti</strong></span> <span class='ocrx_word' id='word_1_63' title='bbox 1769 583 1807 614; x_wconf 88' lang='lat' dir='ltr'>et</span> <span class='ocrx_word' id='word_1_64' title='bbox 1838 588 1912 624; x_wconf 92' lang='lat' dir='ltr'>pro</span> 
     </span>
     <span class='ocr_line' id='line_1_7' title="bbox 321 638 1913 692; baseline -0.001 -13"><span class='ocrx_word' id='word_1_65' title='bbox 321 642 563 681; x_wconf 88' lang='lat' dir='ltr'>forisfactura</span> <span class='ocrx_word' id='word_1_66' title='bbox 593 643 771 692; x_wconf 90' lang='lat' dir='ltr'>ejusdem</span> <span class='ocrx_word' id='word_1_67' title='bbox 793 641 845 691; x_wconf 70' lang='lat' dir='ltr'>ijS.</span> <span class='ocrx_word' id='word_1_68' title='bbox 906 644 957 680; x_wconf 93' lang='lat' dir='ltr'>Et</span> <span class='ocrx_word' id='word_1_69' title='bbox 977 641 1142 692; x_wconf 83' lang='lat' dir='ltr'>predicti</span> <span class='ocrx_word' id='word_1_70' title='bbox 1173 642 1389 680; x_wconf 84' lang='lat' dir='ltr'>Wiilelmus</span> <span class='ocrx_word' id='word_1_71' title='bbox 1410 649 1448 680; x_wconf 92' lang='lat' dir='ltr'>et</span> <span class='ocrx_word' id='word_1_72' title='bbox 1478 640 1722 690; x_wconf 88' lang='lat' dir='ltr'>Reginaldus</span> <span class='ocrx_word' id='word_1_73' title='bbox 1760 638 1913 678; x_wconf 86' lang='lat' dir='ltr'>dimissi</span> 
     </span>
     <span class='ocr_line' id='line_1_8' title="bbox 323 704 1911 757; baseline -0.003 -12"><span class='ocrx_word' id='word_1_74' title='bbox 323 708 481 746; x_wconf 86' lang='lat' dir='ltr'>suerunt</span> <span class='ocrx_word' id='word_1_75' title='bbox 512 721 582 757; x_wconf 90' lang='lat' dir='ltr'>per</span> <span class='ocrx_word' id='word_1_76' title='bbox 614 714 916 757; x_wconf 88' lang='lat' dir='ltr'>manucaptores</span> <span class='ocrx_word' id='word_1_77' title='bbox 948 720 1075 757; x_wconf 86' lang='lat' dir='ltr'>usque</span> <span class='ocrx_word' id='word_1_78' title='bbox 1113 708 1165 745; x_wconf 90' lang='lat' dir='ltr'>ad</span> <span class='ocrx_word' id='word_1_79' title='bbox 1203 706 1363 745; x_wconf 82' lang='lat' dir='ltr'>assisam</span> <span class='ocrx_word' id='word_1_80' title='bbox 1402 707 1529 753; x_wconf 86' lang='lat' dir='ltr'>istam,</span> <span class='ocrx_word' id='word_1_81' title='bbox 1565 704 1633 755; x_wconf 87' lang='lat' dir='ltr'>qui</span> <span class='ocrx_word' id='word_1_82' title='bbox 1672 704 1795 742; x_wconf 90' lang='lat' dir='ltr'>modo</span> <span class='ocrx_word' id='word_1_83' title='bbox 1828 716 1911 741; x_wconf 89' lang='lat' dir='ltr'>non</span> 
     </span>
     <span class='ocr_line' id='line_1_9' title="bbox 323 767 1912 822; baseline -0.003 -13"><span class='ocrx_word' id='word_1_84' title='bbox 323 771 487 810; x_wconf 84' lang='lat' dir='ltr'>veniunt</span> <span class='ocrx_word' id='word_1_85' title='bbox 505 771 582 811; x_wconf 84' lang='lat' dir='ltr'>nec</span> <span class='ocrx_word' id='word_1_86' title='bbox 603 771 706 822; x_wconf 89' lang='lat' dir='ltr'>prius</span> <span class='ocrx_word' id='word_1_87' title='bbox 727 785 769 810; x_wconf 89' lang='lat' dir='ltr'>se</span> <span class='ocrx_word' id='word_1_88' title='bbox 789 771 1054 810; x_wconf 89' lang='lat' dir='ltr'>reddiderunt.</span> <span class='ocrx_word' id='word_1_89' title='bbox 1089 772 1188 810; x_wconf 90' lang='lat' dir='ltr'>Ideo</span> <span class='ocrx_word' id='word_1_90' title='bbox 1209 773 1259 810; x_wconf 91' lang='lat' dir='ltr'>ad</span> <span class='ocrx_word' id='word_1_91' title='bbox 1277 771 1470 821; x_wconf 87' lang='lat' dir='ltr'>judicium</span> <span class='ocrx_word' id='word_1_92' title='bbox 1491 771 1541 809; x_wconf 90' lang='lat' dir='ltr'>de</span> <span class='ocrx_word' id='word_1_93' title='bbox 1562 767 1912 818; x_wconf 84' lang='lat' dir='ltr'>manucaptoribus</span> 
     </span>
     <span class='ocr_line' id='line_1_10' title="bbox 324 832 1913 887; baseline -0.003 -13"><span class='ocrx_word' id='word_1_94' title='bbox 324 836 414 875; x_wconf 89' lang='lat' dir='ltr'>suis.</span> <span class='ocrx_word' id='word_1_95' title='bbox 474 839 618 876; x_wconf 80' lang='lat' dir='ltr'>Postea</span> <span class='ocrx_word' id='word_1_96' title='bbox 647 844 832 876; x_wconf 88' lang='lat' dir='ltr'>testatum</span> <span class='ocrx_word' id='word_1_97' title='bbox 854 843 912 875; x_wconf 93' lang='lat' dir='ltr'>est</span> <span class='ocrx_word' id='word_1_98' title='bbox 933 837 1041 886; x_wconf 88' lang='lat' dir='ltr'>quod</span> <span class='ocrx_word' id='word_1_99' title='bbox 1063 844 1362 887; x_wconf 89' lang='lat' dir='ltr'>manucaptores</span> <span class='ocrx_word' id='word_1_100' title='bbox 1383 835 1443 874; x_wconf 90' lang='lat' dir='ltr'>sui</span> <span class='ocrx_word' id='word_1_101' title='bbox 1463 836 1655 882; x_wconf 90' lang='lat' dir='ltr'>obierunt,</span> <span class='ocrx_word' id='word_1_102' title='bbox 1678 834 1770 873; x_wconf 93' lang='lat' dir='ltr'>ideo</span> <span class='ocrx_word' id='word_1_103' title='bbox 1790 832 1913 871; x_wconf 88' lang='lat' dir='ltr'>nichil</span> 
     </span>
     <span class='ocr_line' id='line_1_11' title="bbox 324 902 643 942; baseline 0 -2"><span class='ocrx_word' id='word_1_104' title='bbox 324 902 485 941; x_wconf 89' lang='lat' dir='ltr'>ulterius</span> <span class='ocrx_word' id='word_1_105' title='bbox 506 904 556 942; x_wconf 92' lang='lat' dir='ltr'>de</span> <span class='ocrx_word' id='word_1_106' title='bbox 578 902 643 941; x_wconf 90' lang='lat' dir='ltr'>eis.</span> 
     </span>
    </p>

    <p class='ocr_par' dir='ltr' id='par_1_3' title="bbox 322 962 1915 1213">
     <span class='ocr_line' id='line_1_12' title="bbox 379 962 1914 1017; baseline -0.004 -12"><span class='ocrx_word' id='word_1_107' title='bbox 379 969 481 1006; x_wconf 85' lang='lat' dir='ltr'>Item</span> <span class='ocrx_word' id='word_1_108' title='bbox 513 973 740 1017; x_wconf 89' lang='lat' dir='ltr'>presentant</span> <span class='ocrx_word' id='word_1_109' title='bbox 769 968 880 1016; x_wconf 86' lang='lat' dir='ltr'>quod</span> <span class='ocrx_word' id='word_1_110' title='bbox 908 966 1014 1005; x_wconf 89' lang='lat' dir='ltr'>idern</span> <span class='ocrx_word' id='word_1_111' title='bbox 1044 966 1181 1006; x_wconf 88' lang='lat' dir='ltr'>Simon</span> <span class='ocrx_word' id='word_1_112' title='bbox 1216 980 1342 1017; x_wconf 81' lang='lat' dir='ltr'>nuper</span> <span class='ocrx_word' id='word_1_113' title='bbox 1375 966 1545 1006; x_wconf 89' lang='lat' dir='ltr'>serviens</span> <span class='ocrx_word' id='word_1_114' title='bbox 1567 965 1747 1015; x_wconf 82' lang='lat' dir='ltr'>ejusdem</span> <span class='ocrx_word' id='word_1_115' title='bbox 1769 962 1914 1001; x_wconf 90' lang='lat' dir='ltr'>Prioris</span> 
     </span>
     <span class='ocr_line' id='line_1_13' title="bbox 322 1028 1913 1082; baseline -0.004 -12"><span class='ocrx_word' id='word_1_116' title='bbox 322 1032 428 1082; x_wconf 92' lang='lat' dir='ltr'>cepit</span> <span class='ocrx_word' id='word_1_117' title='bbox 466 1045 588 1070; x_wconf 89' lang='lat' dir='ltr'>unam</span> <span class='ocrx_word' id='word_1_118' title='bbox 627 1031 793 1070; x_wconf 90' lang='lat' dir='ltr'>viridem</span> <span class='ocrx_word' id='word_1_119' title='bbox 833 1045 1022 1082; x_wconf 88' lang='lat' dir='ltr'>quercum</span> <span class='ocrx_word' id='word_1_120' title='bbox 1062 1032 1103 1069; x_wconf 92' lang='lat' dir='ltr'>in</span> <span class='ocrx_word' id='word_1_121' title='bbox 1139 1032 1246 1070; x_wconf 87' lang='lat' dir='ltr'>Haia</span> <span class='ocrx_word' id='word_1_122' title='bbox 1280 1034 1330 1071; x_wconf 93' lang='lat' dir='ltr'>de</span> <span class='ocrx_word' id='word_1_123' title='bbox 1363 1033 1504 1082; x_wconf 82' lang='lat' dir='ltr'>Scalby</span> <span class='ocrx_word' id='word_1_124' title='bbox 1537 1031 1636 1069; x_wconf 88' lang='lat' dir='ltr'>infra</span> <span class='ocrx_word' id='word_1_125' title='bbox 1667 1028 1913 1068; x_wconf 88' lang='lat' dir='ltr'>dominicum</span> 
     </span>
     <span class='ocr_line' id='line_1_14' title="bbox 322 1094 1915 1148; baseline -0.004 -12"><span class='ocrx_word' id='word_1_126' title='bbox 322 1098 445 1148; x_wconf 90' lang='lat' dir='ltr'>precii</span> <span class='ocrx_word' id='word_1_127' title='bbox 465 1097 508 1147; x_wconf 84' lang='lat' dir='ltr'>ijS</span> <span class='ocrx_word' id='word_1_128' title='bbox 527 1098 578 1136; x_wconf 90' lang='lat' dir='ltr'>ad</span> <span class='ocrx_word' id='word_1_129' title='bbox 599 1110 699 1147; x_wconf 90' lang='lat' dir='ltr'>opus</span> <span class='ocrx_word' id='word_1_130' title='bbox 729 1096 825 1135; x_wconf 91' lang='lat' dir='ltr'>dicti</span> <span class='ocrx_word' id='word_1_131' title='bbox 855 1096 1010 1135; x_wconf 87' lang='lat' dir='ltr'>Prioris.</span> <span class='ocrx_word' id='word_1_132' title='bbox 1070 1098 1171 1136; x_wconf 91' lang='lat' dir='ltr'>Ideo</span> <span class='ocrx_word' id='word_1_133' title='bbox 1205 1098 1461 1147; x_wconf 78' lang='lat' dir='ltr'>respondebit</span> <span class='ocrx_word' id='word_1_134' title='bbox 1494 1097 1603 1135; x_wconf 88' lang='lat' dir='ltr'>Prior</span> <span class='ocrx_word' id='word_1_135' title='bbox 1632 1094 1701 1145; x_wconf 88' lang='lat' dir='ltr'>qui</span> <span class='ocrx_word' id='word_1_136' title='bbox 1729 1106 1835 1131; x_wconf 86' lang='lat' dir='ltr'>nunc</span> <span class='ocrx_word' id='word_1_137' title='bbox 1856 1099 1915 1130; x_wconf 88' lang='lat' dir='ltr'>est</span> 
     </span>
     <span class='ocr_line' id='line_1_15' title="bbox 324 1161 1609 1213; baseline -0.002 -11"><span class='ocrx_word' id='word_1_138' title='bbox 324 1165 375 1202; x_wconf 89' lang='lat' dir='ltr'>de</span> <span class='ocrx_word' id='word_1_139' title='bbox 395 1162 528 1213; x_wconf 87' lang='lat' dir='ltr'>precio</span> <span class='ocrx_word' id='word_1_140' title='bbox 548 1162 661 1201; x_wconf 92' lang='lat' dir='ltr'>viridi</span> <span class='ocrx_word' id='word_1_141' title='bbox 680 1161 846 1211; x_wconf 87' lang='lat' dir='ltr'>predicti</span> <span class='ocrx_word' id='word_1_142' title='bbox 867 1169 905 1200; x_wconf 90' lang='lat' dir='ltr'>et</span> <span class='ocrx_word' id='word_1_143' title='bbox 926 1175 997 1211; x_wconf 92' lang='lat' dir='ltr'>pro</span> <span class='ocrx_word' id='word_1_144' title='bbox 1018 1162 1260 1201; x_wconf 84' lang='lat' dir='ltr'>forisfactura</span> <span class='ocrx_word' id='word_1_145' title='bbox 1280 1163 1459 1211; x_wconf 90' lang='lat' dir='ltr'>ejusdem</span> <span class='ocrx_word' id='word_1_146' title='bbox 1479 1161 1609 1212; x_wconf 68' lang='lat' dir='ltr'>xxiiijS.</span> 
     </span>
    </p>

    <p class='ocr_par' dir='ltr' id='par_1_4' title="bbox 322 1221 1915 1472">
     <span class='ocr_line' id='line_1_16' title="bbox 378 1221 1913 1277; baseline -0.005 -12"><span class='ocrx_word' id='word_1_147' title='bbox 378 1229 481 1266; x_wconf 88' lang='lat' dir='ltr'>Item</span> <span class='ocrx_word' id='word_1_148' title='bbox 502 1234 729 1277; x_wconf 83' lang='lat' dir='ltr'>presentant</span> <span class='ocrx_word' id='word_1_149' title='bbox 750 1228 859 1276; x_wconf 86' lang='lat' dir='ltr'>quod</span> <span class='ocrx_word' id='word_1_150' title='bbox 881 1228 1084 1276; x_wconf 90' lang='lat' dir='ltr'>Johannes</span> <span class='ocrx_word' id='word_1_151' title='bbox 1106 1228 1233 1265; x_wconf 87' lang='lat' dir='ltr'>Blank</span> <span class='ocrx_word' id='word_1_152' title='bbox 1254 1227 1322 1277; x_wconf 87' lang='lat' dir='ltr'>qui</span> <span class='ocrx_word' id='word_1_153' title='bbox 1344 1227 1442 1266; x_wconf 89' lang='lat' dir='ltr'>obiit</span> <span class='ocrx_word' id='word_1_154' title='bbox 1462 1226 1568 1276; x_wconf 88' lang='lat' dir='ltr'>cepit</span> <span class='ocrx_word' id='word_1_155' title='bbox 1588 1224 1775 1264; x_wconf 89' lang='lat' dir='ltr'>corticem</span> <span class='ocrx_word' id='word_1_156' title='bbox 1796 1221 1913 1260; x_wconf 90' lang='lat' dir='ltr'>unius</span> 
     </span>
     <span class='ocr_line' id='line_1_17' title="bbox 324 1286 1915 1342; baseline -0.005 -11"><span class='ocrx_word' id='word_1_157' title='bbox 324 1305 490 1342; x_wconf 87' lang='lat' dir='ltr'>quercus</span> <span class='ocrx_word' id='word_1_158' title='bbox 511 1291 550 1330; x_wconf 93' lang='lat' dir='ltr'>in</span> <span class='ocrx_word' id='word_1_159' title='bbox 573 1293 726 1342; x_wconf 88' lang='lat' dir='ltr'>Daleby</span> <span class='ocrx_word' id='word_1_160' title='bbox 747 1291 845 1330; x_wconf 88' lang='lat' dir='ltr'>infra</span> <span class='ocrx_word' id='word_1_161' title='bbox 866 1291 1112 1331; x_wconf 88' lang='lat' dir='ltr'>dominicum</span> <span class='ocrx_word' id='word_1_162' title='bbox 1132 1292 1254 1342; x_wconf 91' lang='lat' dir='ltr'>precii</span> <span class='ocrx_word' id='word_1_163' title='bbox 1274 1291 1359 1342; x_wconf 78' lang='lat' dir='ltr'>iiijd‚</span> <span class='ocrx_word' id='word_1_164' title='bbox 1383 1305 1500 1342; x_wconf 86' lang='lat' dir='ltr'>quam</span> <span class='ocrx_word' id='word_1_165' title='bbox 1524 1290 1724 1329; x_wconf 85' lang='lat' dir='ltr'>Henricus</span> <span class='ocrx_word' id='word_1_166' title='bbox 1746 1286 1915 1328; x_wconf 88' lang='lat' dir='ltr'>Cokerel</span> 
     </span>
     <span class='ocr_line' id='line_1_18' title="bbox 322 1350 1915 1407; baseline -0.003 -11"><span class='ocrx_word' id='word_1_167' title='bbox 322 1356 492 1396; x_wconf 85' lang='lat' dir='ltr'>abscidit</span> <span class='ocrx_word' id='word_1_168' title='bbox 514 1364 551 1395; x_wconf 90' lang='lat' dir='ltr'>et</span> <span class='ocrx_word' id='word_1_169' title='bbox 571 1356 746 1396; x_wconf 84' lang='lat' dir='ltr'>abduxit.</span> <span class='ocrx_word' id='word_1_170' title='bbox 807 1357 908 1395; x_wconf 89' lang='lat' dir='ltr'>Ideo</span> <span class='ocrx_word' id='word_1_171' title='bbox 929 1357 1034 1395; x_wconf 91' lang='lat' dir='ltr'>idem</span> <span class='ocrx_word' id='word_1_172' title='bbox 1057 1357 1257 1396; x_wconf 89' lang='lat' dir='ltr'>Henricus</span> <span class='ocrx_word' id='word_1_173' title='bbox 1274 1357 1343 1407; x_wconf 89' lang='lat' dir='ltr'>qui</span> <span class='ocrx_word' id='word_1_174' title='bbox 1364 1365 1558 1407; x_wconf 85' lang='lat' dir='ltr'>superstes</span> <span class='ocrx_word' id='word_1_175' title='bbox 1580 1364 1639 1395; x_wconf 89' lang='lat' dir='ltr'>est</span> <span class='ocrx_word' id='word_1_176' title='bbox 1659 1350 1915 1404; x_wconf 83' lang='lat' dir='ltr'>respondebit</span> 
     </span>
     <span class='ocr_line' id='line_1_19' title="bbox 323 1421 1568 1472; baseline -0.002 -11"><span class='ocrx_word' id='word_1_177' title='bbox 323 1424 374 1461; x_wconf 94' lang='lat' dir='ltr'>de</span> <span class='ocrx_word' id='word_1_178' title='bbox 395 1421 526 1471; x_wconf 89' lang='lat' dir='ltr'>precio</span> <span class='ocrx_word' id='word_1_179' title='bbox 547 1421 660 1460; x_wconf 90' lang='lat' dir='ltr'>viridi</span> <span class='ocrx_word' id='word_1_180' title='bbox 682 1421 846 1471; x_wconf 89' lang='lat' dir='ltr'>predicti</span> <span class='ocrx_word' id='word_1_181' title='bbox 867 1429 905 1460; x_wconf 91' lang='lat' dir='ltr'>et</span> <span class='ocrx_word' id='word_1_182' title='bbox 929 1435 1001 1471; x_wconf 93' lang='lat' dir='ltr'>pro</span> <span class='ocrx_word' id='word_1_183' title='bbox 1023 1422 1268 1461; x_wconf 89' lang='lat' dir='ltr'>forisfactura</span> <span class='ocrx_word' id='word_1_184' title='bbox 1289 1423 1467 1472; x_wconf 90' lang='lat' dir='ltr'>ejusdem</span> <span class='ocrx_word' id='word_1_185' title='bbox 1488 1422 1568 1471; x_wconf 69' lang='lat' dir='ltr'>iiijS.</span> 
     </span>
    </p>

    <p class='ocr_par' dir='ltr' id='par_1_5' title="bbox 321 1482 1916 1732">
     <span class='ocr_line' id='line_1_20' title="bbox 378 1482 1915 1537; baseline -0.003 -12"><span class='ocrx_word' id='word_1_186' title='bbox 378 1488 482 1526; x_wconf 88' lang='lat' dir='ltr'>Item</span> <span class='ocrx_word' id='word_1_187' title='bbox 513 1493 739 1537; x_wconf 87' lang='lat' dir='ltr'>presentant</span> <span class='ocrx_word' id='word_1_188' title='bbox 759 1487 868 1536; x_wconf 90' lang='lat' dir='ltr'>quod</span> <span class='ocrx_word' id='word_1_189' title='bbox 891 1488 1029 1525; x_wconf 88' lang='lat' dir='ltr'>Petrus</span> <span class='ocrx_word' id='word_1_190' title='bbox 1051 1488 1102 1526; x_wconf 92' lang='lat' dir='ltr'>de</span> <span class='ocrx_word' id='word_1_191' title='bbox 1123 1487 1255 1526; x_wconf 89' lang='lat' dir='ltr'>Nevill</span> <span class='ocrx_word' id='word_1_192' title='bbox 1278 1488 1345 1537; x_wconf 88' lang='lat' dir='ltr'>qui</span> <span class='ocrx_word' id='word_1_193' title='bbox 1367 1487 1465 1526; x_wconf 79' lang='lat' dir='ltr'>obiit</span> <span class='ocrx_word' id='word_1_194' title='bbox 1485 1486 1589 1537; x_wconf 88' lang='lat' dir='ltr'>cepit</span> <span class='ocrx_word' id='word_1_195' title='bbox 1610 1498 1728 1524; x_wconf 88' lang='lat' dir='ltr'>unam</span> <span class='ocrx_word' id='word_1_196' title='bbox 1748 1482 1915 1522; x_wconf 89' lang='lat' dir='ltr'>viridem</span> 
     </span>
     <span class='ocr_line' id='line_1_21' title="bbox 323 1548 1915 1604; baseline -0.003 -15"><span class='ocrx_word' id='word_1_197' title='bbox 323 1565 512 1601; x_wconf 83' lang='lat' dir='ltr'>quercum</span> <span class='ocrx_word' id='word_1_198' title='bbox 533 1551 573 1589; x_wconf 94' lang='lat' dir='ltr'>in</span> <span class='ocrx_word' id='word_1_199' title='bbox 595 1552 828 1590; x_wconf 86' lang='lat' dir='ltr'>Ohwerdale</span> <span class='ocrx_word' id='word_1_200' title='bbox 851 1549 902 1604; x_wconf 86' lang='lat'>[?]</span> <span class='ocrx_word' id='word_1_201' title='bbox 929 1551 1027 1589; x_wconf 87' lang='lat' dir='ltr'>infra</span> <span class='ocrx_word' id='word_1_202' title='bbox 1048 1551 1294 1590; x_wconf 86' lang='lat' dir='ltr'>dominicum</span> <span class='ocrx_word' id='word_1_203' title='bbox 1316 1552 1436 1602; x_wconf 87' lang='lat' dir='ltr'>precii</span> <span class='ocrx_word' id='word_1_204' title='bbox 1457 1551 1515 1602; x_wconf 74' lang='lat' dir='ltr'>ijd,</span> <span class='ocrx_word' id='word_1_205' title='bbox 1540 1552 1647 1590; x_wconf 90' lang='lat' dir='ltr'>unde</span> <span class='ocrx_word' id='word_1_206' title='bbox 1669 1552 1791 1599; x_wconf 89' lang='lat' dir='ltr'>Hugo</span> <span class='ocrx_word' id='word_1_207' title='bbox 1811 1548 1915 1586; x_wconf 92' lang='lat' dir='ltr'>filius</span> 
     </span>
     <span class='ocr_line' id='line_1_22' title="bbox 324 1612 1916 1668; baseline -0.003 -13"><span class='ocrx_word' id='word_1_208' title='bbox 324 1618 408 1666; x_wconf 88' lang='lat' dir='ltr'>ejus</span> <span class='ocrx_word' id='word_1_209' title='bbox 429 1624 467 1655; x_wconf 89' lang='lat' dir='ltr'>et</span> <span class='ocrx_word' id='word_1_210' title='bbox 489 1617 600 1655; x_wconf 90' lang='lat' dir='ltr'>heres</span> <span class='ocrx_word' id='word_1_211' title='bbox 621 1623 760 1655; x_wconf 90' lang='lat' dir='ltr'>tenens</span> <span class='ocrx_word' id='word_1_212' title='bbox 781 1623 971 1655; x_wconf 87' lang='lat' dir='ltr'>terrarum</span> <span class='ocrx_word' id='word_1_213' title='bbox 993 1623 1032 1655; x_wconf 91' lang='lat' dir='ltr'>et</span> <span class='ocrx_word' id='word_1_214' title='bbox 1052 1623 1368 1656; x_wconf 87' lang='lat' dir='ltr'>tenementorum</span> <span class='ocrx_word' id='word_1_215' title='bbox 1393 1631 1469 1668; x_wconf 88' lang='lat' dir='ltr'>que</span> <span class='ocrx_word' id='word_1_216' title='bbox 1490 1618 1646 1655; x_wconf 90' lang='lat' dir='ltr'>fuerunt</span> <span class='ocrx_word' id='word_1_217' title='bbox 1667 1615 1788 1666; x_wconf 89' lang='lat' dir='ltr'>ipsius</span> <span class='ocrx_word' id='word_1_218' title='bbox 1811 1612 1916 1652; x_wconf 89' lang='lat' dir='ltr'>Petri</span> 
     </span>
     <span class='ocr_line' id='line_1_23' title="bbox 321 1679 1820 1732; baseline -0.001 -13"><span class='ocrx_word' id='word_1_219' title='bbox 321 1680 580 1731; x_wconf 86' lang='lat' dir='ltr'>respondebit</span> <span class='ocrx_word' id='word_1_220' title='bbox 601 1682 651 1719; x_wconf 92' lang='lat' dir='ltr'>de</span> <span class='ocrx_word' id='word_1_221' title='bbox 671 1679 806 1730; x_wconf 92' lang='lat' dir='ltr'>precio</span> <span class='ocrx_word' id='word_1_222' title='bbox 828 1679 941 1718; x_wconf 89' lang='lat' dir='ltr'>viridi</span> <span class='ocrx_word' id='word_1_223' title='bbox 962 1680 1129 1729; x_wconf 80' lang='lat' dir='ltr'>predicti</span> <span class='ocrx_word' id='word_1_224' title='bbox 1149 1688 1187 1720; x_wconf 89' lang='lat' dir='ltr'>et</span> <span class='ocrx_word' id='word_1_225' title='bbox 1209 1694 1279 1731; x_wconf 90' lang='lat' dir='ltr'>pro</span> <span class='ocrx_word' id='word_1_226' title='bbox 1300 1681 1547 1720; x_wconf 86' lang='lat' dir='ltr'>forisfactura</span> <span class='ocrx_word' id='word_1_227' title='bbox 1568 1681 1746 1732; x_wconf 85' lang='lat' dir='ltr'>ejusdem</span> <span class='ocrx_word' id='word_1_228' title='bbox 1768 1679 1820 1728; x_wconf 65' lang='lat' dir='ltr'>ijs.</span> 
     </span>
    </p>

    <p class='ocr_par' dir='ltr' id='par_1_6' title="bbox 326 1746 1918 1862">
     <span class='ocr_line' id='line_1_24' title="bbox 378 1746 1918 1797; baseline -0.003 -12"><span class='ocrx_word' id='word_1_229' title='bbox 378 1748 481 1785; x_wconf 89' lang='lat' dir='ltr'>Item</span> <span class='ocrx_word' id='word_1_230' title='bbox 513 1752 741 1796; x_wconf 84' lang='lat' dir='ltr'>presentant</span> <span class='ocrx_word' id='word_1_231' title='bbox 773 1746 884 1795; x_wconf 86' lang='lat' dir='ltr'>quod</span> <span class='ocrx_word' id='word_1_232' title='bbox 905 1747 1143 1796; x_wconf 85' lang='lat' dir='ltr'>Radulphus</span> <span class='ocrx_word' id='word_1_233' title='bbox 1167 1748 1342 1797; x_wconf 76' lang='lat' dir='ltr'>Derlyng</span> <span class='ocrx_word' id='word_1_234' title='bbox 1362 1747 1430 1797; x_wconf 88' lang='lat' dir='ltr'>qui</span> <span class='ocrx_word' id='word_1_235' title='bbox 1452 1747 1549 1786; x_wconf 88' lang='lat' dir='ltr'>obiit</span> <span class='ocrx_word' id='word_1_236' title='bbox 1569 1746 1673 1796; x_wconf 91' lang='lat' dir='ltr'>cepit</span> <span class='ocrx_word' id='word_1_237' title='bbox 1693 1753 1770 1784; x_wconf 88' lang='lat' dir='ltr'>tres</span> <span class='ocrx_word' id='word_1_238' title='bbox 1791 1755 1918 1782; x_wconf 91' lang='lat' dir='ltr'>carec-</span> 
     </span>
     <span class='ocr_line' id='line_1_25' title="bbox 326 1810 1917 1862; baseline -0.003 -12"><span class='ocrx_word' id='word_1_239' title='bbox 326 1817 425 1850; x_wconf 89' lang='lat' dir='ltr'>tatas</span> <span class='ocrx_word' id='word_1_240' title='bbox 455 1810 655 1849; x_wconf 86' lang='lat' dir='ltr'>maeremii</span> <span class='ocrx_word' id='word_1_241' title='bbox 688 1810 728 1848; x_wconf 93' lang='lat' dir='ltr'>in</span> <span class='ocrx_word' id='word_1_242' title='bbox 751 1812 954 1861; x_wconf 88' lang='lat' dir='ltr'>Sneynton</span> <span class='ocrx_word' id='word_1_243' title='bbox 976 1819 1083 1850; x_wconf 83' lang='lat' dir='ltr'>extra</span> <span class='ocrx_word' id='word_1_244' title='bbox 1104 1812 1350 1850; x_wconf 89' lang='lat' dir='ltr'>dominicum</span> <span class='ocrx_word' id='word_1_245' title='bbox 1372 1814 1521 1862; x_wconf 88' lang='lat' dir='ltr'>absque</span> <span class='ocrx_word' id='word_1_246' title='bbox 1542 1810 1780 1850; x_wconf 91' lang='lat' dir='ltr'>liberacione</span> <span class='ocrx_word' id='word_1_247' title='bbox 1800 1810 1917 1847; x_wconf 88' lang='lat' dir='ltr'>fores-</span> 
     </span>
    </p>
   </div>
   <div class='ocr_carea' id='block_1_3' title="bbox 325 1939 1920 3025">
    <p class='ocr_par' dir='ltr' id='par_1_7' title="bbox 325 1939 1917 2380">
     <span class='ocr_line' id='line_1_26' title="bbox 327 1939 1917 1991; baseline -0.002 -12"><span class='ocrx_word' id='word_1_248' title='bbox 327 1942 529 1988; x_wconf 88' lang='lat' dir='ltr'>demesne,</span> <span class='ocrx_word' id='word_1_249' title='bbox 552 1941 665 1978; x_wconf 89' lang='lat' dir='ltr'>value</span> <span class='ocrx_word' id='word_1_250' title='bbox 699 1939 752 1978; x_wconf 78' lang='lat' dir='ltr'>2d.</span> <span class='ocrx_word' id='word_1_251' title='bbox 811 1940 925 1989; x_wconf 89' lang='lat' dir='ltr'>They</span> <span class='ocrx_word' id='word_1_252' title='bbox 959 1952 1058 1978; x_wconf 84' lang='lat' dir='ltr'>were</span> <span class='ocrx_word' id='word_1_253' title='bbox 1091 1941 1234 1990; x_wconf 85' lang='lat' dir='ltr'>caught</span> <span class='ocrx_word' id='word_1_254' title='bbox 1264 1941 1379 1980; x_wconf 84' lang='lat' dir='ltr'>while</span> <span class='ocrx_word' id='word_1_255' title='bbox 1413 1941 1590 1991; x_wconf 85' lang='lat' dir='ltr'>carrying</span> <span class='ocrx_word' id='word_1_256' title='bbox 1623 1941 1652 1979; x_wconf 87' lang='lat' dir='ltr'>it</span> <span class='ocrx_word' id='word_1_257' title='bbox 1684 1954 1791 1989; x_wconf 87' lang='lat' dir='ltr'>away</span> <span class='ocrx_word' id='word_1_258' title='bbox 1822 1939 1863 1977; x_wconf 94' lang='lat' dir='ltr'>in</span> <span class='ocrx_word' id='word_1_259' title='bbox 1893 1951 1917 1976; x_wconf 90' lang='lat' dir='ltr'>a</span> 
     </span>
     <span class='ocr_line' id='line_1_27' title="bbox 326 2003 1917 2056; baseline -0.001 -13"><span class='ocrx_word' id='word_1_260' title='bbox 326 2017 489 2054; x_wconf 88' lang='lat' dir='ltr'>waggon</span> <span class='ocrx_word' id='word_1_261' title='bbox 523 2005 645 2043; x_wconf 90' lang='lat' dir='ltr'>worth</span> <span class='ocrx_word' id='word_1_262' title='bbox 676 2003 788 2052; x_wconf 54' lang='lat'>400¹,÷÷</span> <span class='ocrx_word' id='word_1_263' title='bbox 823 2005 955 2043; x_wconf 89' lang='lat' dir='ltr'>drawn</span> <span class='ocrx_word' id='word_1_264' title='bbox 986 2004 1036 2054; x_wconf 91' lang='lat' dir='ltr'>by</span> <span class='ocrx_word' id='word_1_265' title='bbox 1056 2005 1144 2042; x_wconf 89' lang='lat' dir='ltr'>four</span> <span class='ocrx_word' id='word_1_266' title='bbox 1172 2018 1275 2044; x_wconf 84' lang='lat' dir='ltr'>oxen</span> <span class='ocrx_word' id='word_1_267' title='bbox 1305 2008 1426 2045; x_wconf 90' lang='lat' dir='ltr'>worth</span> <span class='ocrx_word' id='word_1_268' title='bbox 1458 2006 1508 2056; x_wconf 55' lang='grc' dir='ltr'>,ζ</span> <span class='ocrx_word' id='word_1_269' title='bbox 1515 2021 1529 2044; x_wconf 93' lang='lat'>1</span> <span class='ocrx_word' id='word_1_270' title='bbox 1570 2009 1607 2044; x_wconf 83' lang='lat' dir='ltr'>6S</span> <span class='ocrx_word' id='word_1_271' title='bbox 1629 2005 1684 2054; x_wconf 70' lang='lat' dir='ltr'>Sd,</span> <span class='ocrx_word' id='word_1_272' title='bbox 1706 2006 1785 2043; x_wconf 89' lang='lat' dir='ltr'>and</span> <span class='ocrx_word' id='word_1_273' title='bbox 1816 2015 1917 2042; x_wconf 90' lang='lat' dir='ltr'>were</span> 
     </span>
     <span class='ocr_line' id='line_1_28' title="bbox 325 2069 1917 2121; baseline -0.001 -13"><span class='ocrx_word' id='word_1_274' title='bbox 325 2070 487 2108; x_wconf 90' lang='lat' dir='ltr'>handed</span> <span class='ocrx_word' id='word_1_275' title='bbox 509 2083 602 2108; x_wconf 92' lang='lat' dir='ltr'>over</span> <span class='ocrx_word' id='word_1_276' title='bbox 622 2076 663 2108; x_wconf 92' lang='lat' dir='ltr'>to</span> <span class='ocrx_word' id='word_1_277' title='bbox 684 2070 752 2108; x_wconf 91' lang='lat' dir='ltr'>the</span> <span class='ocrx_word' id='word_1_278' title='bbox 773 2070 850 2107; x_wconf 87' lang='lat' dir='ltr'>late</span> <span class='ocrx_word' id='word_1_279' title='bbox 872 2069 983 2107; x_wconf 88' lang='lat' dir='ltr'>Prior</span> <span class='ocrx_word' id='word_1_280' title='bbox 1003 2076 1044 2107; x_wconf 91' lang='lat' dir='ltr'>to</span> <span class='ocrx_word' id='word_1_281' title='bbox 1074 2070 1124 2108; x_wconf 91' lang='lat' dir='ltr'>be</span> <span class='ocrx_word' id='word_1_282' title='bbox 1152 2071 1356 2119; x_wconf 87' lang='lat' dir='ltr'>produced</span> <span class='ocrx_word' id='word_1_283' title='bbox 1377 2079 1415 2110; x_wconf 86' lang='lat' dir='ltr'>at</span> <span class='ocrx_word' id='word_1_284' title='bbox 1435 2072 1512 2110; x_wconf 87' lang='lat' dir='ltr'>this</span> <span class='ocrx_word' id='word_1_285' title='bbox 1544 2073 1654 2121; x_wconf 88' lang='lat' dir='ltr'>Eyre.</span> <span class='ocrx_word' id='word_1_286' title='bbox 1715 2071 1804 2108; x_wconf 89' lang='lat' dir='ltr'>The</span> <span class='ocrx_word' id='word_1_287' title='bbox 1835 2081 1917 2118; x_wconf 90' lang='lat' dir='ltr'>pre-</span> 
     </span>
     <span class='ocr_line' id='line_1_29' title="bbox 327 2133 1915 2184; baseline -0.001 -12"><span class='ocrx_word' id='word_1_288' title='bbox 327 2141 415 2173; x_wconf 91' lang='lat' dir='ltr'>sent</span> <span class='ocrx_word' id='word_1_289' title='bbox 450 2133 560 2172; x_wconf 90' lang='lat' dir='ltr'>Prior</span> <span class='ocrx_word' id='word_1_290' title='bbox 593 2134 625 2172; x_wconf 89' lang='lat' dir='ltr'>is</span> <span class='ocrx_word' id='word_1_291' title='bbox 659 2133 918 2184; x_wconf 89' lang='lat' dir='ltr'>responsible,</span> <span class='ocrx_word' id='word_1_292' title='bbox 950 2135 1030 2172; x_wconf 89' lang='lat' dir='ltr'>and</span> <span class='ocrx_word' id='word_1_293' title='bbox 1064 2133 1104 2171; x_wconf 92' lang='lat' dir='ltr'>in</span> <span class='ocrx_word' id='word_1_294' title='bbox 1137 2135 1319 2174; x_wconf 89' lang='lat' dir='ltr'>addition</span> <span class='ocrx_word' id='word_1_295' title='bbox 1348 2137 1379 2175; x_wconf 90' lang='lat' dir='ltr'>is</span> <span class='ocrx_word' id='word_1_296' title='bbox 1408 2138 1516 2176; x_wconf 90' lang='lat' dir='ltr'>fined</span> <span class='ocrx_word' id='word_1_297' title='bbox 1539 2144 1585 2176; x_wconf 72' lang='lat'>2³.</span> <span class='ocrx_word' id='word_1_298' title='bbox 1645 2135 1814 2174; x_wconf 91' lang='lat' dir='ltr'>William</span> <span class='ocrx_word' id='word_1_299' title='bbox 1835 2135 1915 2172; x_wconf 88' lang='lat' dir='ltr'>and</span> 
     </span>
     <span class='ocr_line' id='line_1_30' title="bbox 328 2197 1916 2248; baseline 0.001 -12"><span class='ocrx_word' id='word_1_300' title='bbox 328 2198 527 2248; x_wconf 84' lang='lat' dir='ltr'>Reginald</span> <span class='ocrx_word' id='word_1_301' title='bbox 550 2211 647 2237; x_wconf 90' lang='lat' dir='ltr'>were</span> <span class='ocrx_word' id='word_1_302' title='bbox 668 2200 721 2237; x_wconf 93' lang='lat' dir='ltr'>let</span> <span class='ocrx_word' id='word_1_303' title='bbox 742 2205 812 2236; x_wconf 88' lang='lat' dir='ltr'>out</span> <span class='ocrx_word' id='word_1_304' title='bbox 845 2211 898 2236; x_wconf 91' lang='lat' dir='ltr'>on</span> <span class='ocrx_word' id='word_1_305' title='bbox 931 2197 1019 2245; x_wconf 79' lang='lat' dir='ltr'>hail,</span> <span class='ocrx_word' id='word_1_306' title='bbox 1049 2199 1119 2237; x_wconf 89' lang='lat' dir='ltr'>but</span> <span class='ocrx_word' id='word_1_307' title='bbox 1149 2200 1249 2239; x_wconf 89' lang='lat' dir='ltr'>have</span> <span class='ocrx_word' id='word_1_308' title='bbox 1283 2210 1353 2240; x_wconf 94' lang='lat' dir='ltr'>not</span> <span class='ocrx_word' id='word_1_309' title='bbox 1389 2202 1649 2241; x_wconf 90' lang='lat' dir='ltr'>surrendered</span> <span class='ocrx_word' id='word_1_310' title='bbox 1669 2202 1749 2239; x_wconf 89' lang='lat' dir='ltr'>and</span> <span class='ocrx_word' id='word_1_311' title='bbox 1770 2201 1823 2239; x_wconf 93' lang='lat' dir='ltr'>do</span> <span class='ocrx_word' id='word_1_312' title='bbox 1846 2207 1916 2238; x_wconf 92' lang='lat' dir='ltr'>not</span> 
     </span>
     <span class='ocr_line' id='line_1_31' title="bbox 328 2262 1917 2315; baseline -0.001 -13"><span class='ocrx_word' id='word_1_313' title='bbox 328 2276 484 2312; x_wconf 89' lang='lat' dir='ltr'>appear.</span> <span class='ocrx_word' id='word_1_314' title='bbox 544 2264 606 2301; x_wconf 94' lang='lat' dir='ltr'>To</span> <span class='ocrx_word' id='word_1_315' title='bbox 637 2263 847 2313; x_wconf 88' lang='lat' dir='ltr'>judgment</span> <span class='ocrx_word' id='word_1_316' title='bbox 883 2262 972 2301; x_wconf 92' lang='lat' dir='ltr'>with</span> <span class='ocrx_word' id='word_1_317' title='bbox 1002 2263 1103 2301; x_wconf 92' lang='lat' dir='ltr'>their</span> <span class='ocrx_word' id='word_1_318' title='bbox 1135 2264 1225 2303; x_wconf 87' lang='lat' dir='ltr'>bail.</span> <span class='ocrx_word' id='word_1_319' title='bbox 1284 2267 1523 2305; x_wconf 88' lang='lat' dir='ltr'>Afterwards</span> <span class='ocrx_word' id='word_1_320' title='bbox 1562 2266 1592 2305; x_wconf 92' lang='lat' dir='ltr'>it</span> <span class='ocrx_word' id='word_1_321' title='bbox 1629 2277 1793 2315; x_wconf 88' lang='lat' dir='ltr'>appears</span> <span class='ocrx_word' id='word_1_322' title='bbox 1832 2264 1917 2302; x_wconf 92' lang='lat' dir='ltr'>that</span> 
     </span>
     <span class='ocr_line' id='line_1_32' title="bbox 328 2327 1806 2380; baseline 0.001 -15"><span class='ocrx_word' id='word_1_323' title='bbox 328 2327 429 2366; x_wconf 92' lang='lat' dir='ltr'>their</span> <span class='ocrx_word' id='word_1_324' title='bbox 449 2327 528 2366; x_wconf 90' lang='lat' dir='ltr'>bail</span> <span class='ocrx_word' id='word_1_325' title='bbox 547 2340 612 2366; x_wconf 88' lang='lat' dir='ltr'>are</span> <span class='ocrx_word' id='word_1_326' title='bbox 633 2328 749 2375; x_wconf 86' lang='lat' dir='ltr'>dead,</span> <span class='ocrx_word' id='word_1_327' title='bbox 772 2328 966 2366; x_wconf 90' lang='lat' dir='ltr'>therefore</span> <span class='ocrx_word' id='word_1_328' title='bbox 986 2328 1247 2379; x_wconf 88' lang='lat' dir='ltr'>proceedings</span> <span class='ocrx_word' id='word_1_329' title='bbox 1269 2329 1422 2380; x_wconf 86' lang='lat' dir='ltr'>against</span> <span class='ocrx_word' id='word_1_330' title='bbox 1443 2331 1551 2369; x_wconf 91' lang='lat' dir='ltr'>them</span> <span class='ocrx_word' id='word_1_331' title='bbox 1572 2343 1637 2368; x_wconf 90' lang='lat' dir='ltr'>are</span> <span class='ocrx_word' id='word_1_332' title='bbox 1658 2329 1806 2379; x_wconf 89' lang='lat' dir='ltr'>stayed.</span> 
     </span>
    </p>

    <p class='ocr_par' dir='ltr' id='par_1_8' title="bbox 331 2392 1918 2573">
     <span class='ocr_line' id='line_1_33' title="bbox 383 2392 1918 2444; baseline -0.001 -13"><span class='ocrx_word' id='word_1_333' title='bbox 383 2394 472 2431; x_wconf 90' lang='lat' dir='ltr'>The</span> <span class='ocrx_word' id='word_1_334' title='bbox 492 2405 600 2432; x_wconf 90' lang='lat' dir='ltr'>same</span> <span class='ocrx_word' id='word_1_335' title='bbox 621 2392 758 2431; x_wconf 89' lang='lat' dir='ltr'>Simon</span> <span class='ocrx_word' id='word_1_336' title='bbox 778 2393 874 2431; x_wconf 86' lang='lat' dir='ltr'>took</span> <span class='ocrx_word' id='word_1_337' title='bbox 894 2405 917 2430; x_wconf 92' lang='lat' dir='ltr'>a</span> <span class='ocrx_word' id='word_1_338' title='bbox 935 2405 1054 2442; x_wconf 87' lang='lat' dir='ltr'>green</span> <span class='ocrx_word' id='word_1_339' title='bbox 1074 2393 1149 2430; x_wconf 90' lang='lat' dir='ltr'>oak</span> <span class='ocrx_word' id='word_1_340' title='bbox 1170 2392 1211 2430; x_wconf 92' lang='lat' dir='ltr'>in</span> <span class='ocrx_word' id='word_1_341' title='bbox 1227 2394 1367 2444; x_wconf 89' lang='lat' dir='ltr'>Scalby</span> <span class='ocrx_word' id='word_1_342' title='bbox 1384 2396 1474 2444; x_wconf 93' lang='lat' dir='ltr'>Hay</span> <span class='ocrx_word' id='word_1_343' title='bbox 1489 2394 1622 2433; x_wconf 93' lang='lat' dir='ltr'>within</span> <span class='ocrx_word' id='word_1_344' title='bbox 1639 2395 1707 2432; x_wconf 91' lang='lat' dir='ltr'>the</span> <span class='ocrx_word' id='word_1_345' title='bbox 1727 2394 1918 2432; x_wconf 90' lang='lat' dir='ltr'>demesne</span> 
     </span>
     <span class='ocr_line' id='line_1_34' title="bbox 331 2456 1918 2509; baseline 0 -13"><span class='ocrx_word' id='word_1_346' title='bbox 331 2464 373 2496; x_wconf 92' lang='lat' dir='ltr'>to</span> <span class='ocrx_word' id='word_1_347' title='bbox 402 2458 470 2496; x_wconf 93' lang='lat' dir='ltr'>the</span> <span class='ocrx_word' id='word_1_348' title='bbox 499 2470 570 2497; x_wconf 90' lang='lat' dir='ltr'>use</span> <span class='ocrx_word' id='word_1_349' title='bbox 604 2458 649 2496; x_wconf 92' lang='lat' dir='ltr'>of</span> <span class='ocrx_word' id='word_1_350' title='bbox 674 2458 741 2496; x_wconf 95' lang='lat' dir='ltr'>the</span> <span class='ocrx_word' id='word_1_351' title='bbox 769 2456 888 2504; x_wconf 88' lang='lat' dir='ltr'>Prior,</span> <span class='ocrx_word' id='word_1_352' title='bbox 910 2458 1024 2496; x_wconf 92' lang='lat' dir='ltr'>value</span> <span class='ocrx_word' id='word_1_353' title='bbox 1059 2464 1106 2495; x_wconf 72' lang='lat'>2⁵.</span> <span class='ocrx_word' id='word_1_354' title='bbox 1165 2457 1263 2497; x_wconf 90' lang='lat' dir='ltr'>Fine</span> <span class='ocrx_word' id='word_1_355' title='bbox 1300 2466 1378 2506; x_wconf 78' lang='lat'><strong>24⁵.</strong></span> <span class='ocrx_word' id='word_1_356' title='bbox 1433 2460 1521 2498; x_wconf 92' lang='lat' dir='ltr'>The</span> <span class='ocrx_word' id='word_1_357' title='bbox 1551 2465 1711 2509; x_wconf 89' lang='lat' dir='ltr'>present</span> <span class='ocrx_word' id='word_1_358' title='bbox 1745 2457 1854 2497; x_wconf 88' lang='lat' dir='ltr'>Prior</span> <span class='ocrx_word' id='word_1_359' title='bbox 1886 2457 1918 2496; x_wconf 90' lang='lat' dir='ltr'>is</span> 
     </span>
     <span class='ocr_line' id='line_1_35' title="bbox 331 2522 589 2573; baseline 0 -13"><span class='ocrx_word' id='word_1_360' title='bbox 331 2522 589 2573; x_wconf 89' lang='lat' dir='ltr'>responsible.</span> 
     </span>
    </p>

    <p class='ocr_par' dir='ltr' id='par_1_9' title="bbox 334 2586 1918 2766">
     <span class='ocr_line' id='line_1_36' title="bbox 388 2586 1918 2638; baseline 0.001 -13"><span class='ocrx_word' id='word_1_361' title='bbox 388 2588 495 2637; x_wconf 87' lang='lat' dir='ltr'>John</span> <span class='ocrx_word' id='word_1_362' title='bbox 520 2587 659 2635; x_wconf 87' lang='lat' dir='ltr'>White‚</span> <span class='ocrx_word' id='word_1_363' title='bbox 682 2588 892 2635; x_wconf 89' lang='lat' dir='ltr'>deceased,</span> <span class='ocrx_word' id='word_1_364' title='bbox 915 2587 1012 2626; x_wconf 89' lang='lat' dir='ltr'>took</span> <span class='ocrx_word' id='word_1_365' title='bbox 1032 2588 1099 2626; x_wconf 89' lang='lat' dir='ltr'>the</span> <span class='ocrx_word' id='word_1_366' title='bbox 1130 2589 1225 2627; x_wconf 89' lang='lat' dir='ltr'>bark</span> <span class='ocrx_word' id='word_1_367' title='bbox 1246 2589 1292 2627; x_wconf 92' lang='lat' dir='ltr'>of</span> <span class='ocrx_word' id='word_1_368' title='bbox 1315 2601 1365 2627; x_wconf 88' lang='lat' dir='ltr'>an</span> <span class='ocrx_word' id='word_1_369' title='bbox 1387 2588 1463 2627; x_wconf 87' lang='lat' dir='ltr'>oak</span> <span class='ocrx_word' id='word_1_370' title='bbox 1483 2587 1522 2626; x_wconf 91' lang='lat' dir='ltr'>in</span> <span class='ocrx_word' id='word_1_371' title='bbox 1546 2588 1675 2638; x_wconf 85' lang='lat' dir='ltr'>Dalby</span> <span class='ocrx_word' id='word_1_372' title='bbox 1695 2586 1829 2625; x_wconf 89' lang='lat' dir='ltr'>within</span> <span class='ocrx_word' id='word_1_373' title='bbox 1850 2588 1918 2626; x_wconf 90' lang='lat' dir='ltr'>the</span> 
     </span>
     <span class='ocr_line' id='line_1_37' title="bbox 334 2651 1916 2704; baseline 0 -14"><span class='ocrx_word' id='word_1_374' title='bbox 334 2653 535 2699; x_wconf 89' lang='lat' dir='ltr'>demesne,</span> <span class='ocrx_word' id='word_1_375' title='bbox 576 2653 690 2691; x_wconf 92' lang='lat' dir='ltr'>value</span> <span class='ocrx_word' id='word_1_376' title='bbox 724 2651 781 2700; x_wconf 75' lang='lat' dir='ltr'>4d,</span> <span class='ocrx_word' id='word_1_377' title='bbox 821 2652 948 2691; x_wconf 92' lang='lat' dir='ltr'>which</span> <span class='ocrx_word' id='word_1_378' title='bbox 988 2654 1129 2704; x_wconf 91' lang='lat' dir='ltr'>Henry</span> <span class='ocrx_word' id='word_1_379' title='bbox 1167 2654 1350 2693; x_wconf 90' lang='lat' dir='ltr'>Cokerell</span> <span class='ocrx_word' id='word_1_380' title='bbox 1388 2661 1455 2692; x_wconf 92' lang='lat' dir='ltr'>cut</span> <span class='ocrx_word' id='word_1_381' title='bbox 1492 2654 1573 2691; x_wconf 90' lang='lat' dir='ltr'>and</span> <span class='ocrx_word' id='word_1_382' title='bbox 1611 2652 1760 2691; x_wconf 88' lang='lat' dir='ltr'>carried</span> <span class='ocrx_word' id='word_1_383' title='bbox 1799 2666 1916 2702; x_wconf 91' lang='lat' dir='ltr'>away.</span> 
     </span>
     <span class='ocr_line' id='line_1_38' title="bbox 336 2715 1641 2766; baseline -0.002 -11"><span class='ocrx_word' id='word_1_384' title='bbox 336 2718 477 2766; x_wconf 92' lang='lat' dir='ltr'>Henry</span> <span class='ocrx_word' id='word_1_385' title='bbox 498 2717 693 2762; x_wconf 81' lang='lat' dir='ltr'>Cokerell,</span> <span class='ocrx_word' id='word_1_386' title='bbox 716 2717 803 2755; x_wconf 92' lang='lat' dir='ltr'>who</span> <span class='ocrx_word' id='word_1_387' title='bbox 823 2716 854 2755; x_wconf 91' lang='lat' dir='ltr'>is</span> <span class='ocrx_word' id='word_1_388' title='bbox 876 2715 1084 2766; x_wconf 88' lang='lat' dir='ltr'>surviving,</span> <span class='ocrx_word' id='word_1_389' title='bbox 1107 2715 1139 2754; x_wconf 87' lang='lat' dir='ltr'>is</span> <span class='ocrx_word' id='word_1_390' title='bbox 1158 2715 1413 2765; x_wconf 90' lang='lat' dir='ltr'>responsible.</span> <span class='ocrx_word' id='word_1_391' title='bbox 1473 2715 1571 2753; x_wconf 90' lang='lat' dir='ltr'>Fine</span> <span class='ocrx_word' id='word_1_392' title='bbox 1591 2722 1641 2762; x_wconf 76' lang='lat'>4⁵.</span> 
     </span>
    </p>

    <p class='ocr_par' dir='ltr' id='par_1_10' title="bbox 334 2777 1920 2961">
     <span class='ocr_line' id='line_1_39' title="bbox 389 2777 1920 2831; baseline -0.003 -11"><span class='ocrx_word' id='word_1_393' title='bbox 389 2783 507 2820; x_wconf 90' lang='lat' dir='ltr'>Peter</span> <span class='ocrx_word' id='word_1_394' title='bbox 528 2783 579 2821; x_wconf 93' lang='lat' dir='ltr'>de</span> <span class='ocrx_word' id='word_1_395' title='bbox 600 2781 744 2829; x_wconf 89' lang='lat' dir='ltr'>Nevill,</span> <span class='ocrx_word' id='word_1_396' title='bbox 775 2782 983 2829; x_wconf 87' lang='lat' dir='ltr'>deceased,</span> <span class='ocrx_word' id='word_1_397' title='bbox 1007 2781 1103 2820; x_wconf 86' lang='lat' dir='ltr'>took</span> <span class='ocrx_word' id='word_1_398' title='bbox 1122 2793 1146 2819; x_wconf 89' lang='lat' dir='ltr'>a</span> <span class='ocrx_word' id='word_1_399' title='bbox 1164 2793 1281 2829; x_wconf 88' lang='lat' dir='ltr'>green</span> <span class='ocrx_word' id='word_1_400' title='bbox 1303 2781 1380 2818; x_wconf 90' lang='lat' dir='ltr'>oak</span> <span class='ocrx_word' id='word_1_401' title='bbox 1399 2780 1439 2817; x_wconf 93' lang='lat' dir='ltr'>in</span> <span class='ocrx_word' id='word_1_402' title='bbox 1461 2780 1693 2819; x_wconf 89' lang='lat' dir='ltr'>Ohwerdale</span> <span class='ocrx_word' id='word_1_403' title='bbox 1715 2777 1765 2831; x_wconf 91' lang='lat'>[?]</span> <span class='ocrx_word' id='word_1_404' title='bbox 1787 2777 1920 2817; x_wconf 92' lang='lat' dir='ltr'>within</span> 
     </span>
     <span class='ocr_line' id='line_1_40' title="bbox 334 2842 1919 2899; baseline -0.002 -16"><span class='ocrx_word' id='word_1_405' title='bbox 334 2846 400 2884; x_wconf 93' lang='lat' dir='ltr'>the</span> <span class='ocrx_word' id='word_1_406' title='bbox 431 2847 631 2892; x_wconf 91' lang='lat' dir='ltr'>demesne,</span> <span class='ocrx_word' id='word_1_407' title='bbox 653 2847 766 2885; x_wconf 91' lang='lat' dir='ltr'>value</span> <span class='ocrx_word' id='word_1_408' title='bbox 799 2845 852 2884; x_wconf 72' lang='lat'>20¹.</span> <span class='ocrx_word' id='word_1_409' title='bbox 912 2846 1010 2885; x_wconf 87' lang='lat' dir='ltr'>Fine</span> <span class='ocrx_word' id='word_1_410' title='bbox 1034 2853 1080 2884; x_wconf 78' lang='lat'>2⁵.</span> <span class='ocrx_word' id='word_1_411' title='bbox 1141 2845 1218 2883; x_wconf 89' lang='lat' dir='ltr'>His</span> <span class='ocrx_word' id='word_1_412' title='bbox 1248 2857 1459 2891; x_wconf 86' lang='lat' dir='ltr'>successor,</span> <span class='ocrx_word' id='word_1_413' title='bbox 1485 2844 1619 2899; x_wconf 85' lang='lat' dir='ltr'>Hugh,</span> <span class='ocrx_word' id='word_1_414' title='bbox 1641 2843 1702 2882; x_wconf 90' lang='lat' dir='ltr'>his</span> <span class='ocrx_word' id='word_1_415' title='bbox 1732 2855 1805 2881; x_wconf 92' lang='lat' dir='ltr'>son</span> <span class='ocrx_word' id='word_1_416' title='bbox 1838 2842 1919 2880; x_wconf 87' lang='lat' dir='ltr'>and</span> 
     </span>
     <span class='ocr_line' id='line_1_41' title="bbox 334 2910 761 2961; baseline 0.002 -13"><span class='ocrx_word' id='word_1_417' title='bbox 334 2910 428 2957; x_wconf 90' lang='lat' dir='ltr'>heir,</span> <span class='ocrx_word' id='word_1_418' title='bbox 452 2910 483 2949; x_wconf 91' lang='lat' dir='ltr'>is</span> <span class='ocrx_word' id='word_1_419' title='bbox 504 2911 761 2961; x_wconf 89' lang='lat' dir='ltr'>responsible.</span> 
     </span>
    </p>

    <p class='ocr_par' dir='ltr' id='par_1_11' title="bbox 388 2971 1917 3025">
     <span class='ocr_line' id='line_1_42' title="bbox 388 2971 1917 3025; baseline -0.003 -12"><span class='ocrx_word' id='word_1_420' title='bbox 388 2976 521 3025; x_wconf 88' lang='lat' dir='ltr'>Ralph</span> <span class='ocrx_word' id='word_1_421' title='bbox 544 2975 717 3025; x_wconf 88' lang='lat' dir='ltr'>Darling,</span> <span class='ocrx_word' id='word_1_422' title='bbox 741 2976 949 3022; x_wconf 89' lang='lat' dir='ltr'>deceased,</span> <span class='ocrx_word' id='word_1_423' title='bbox 973 2975 1067 3014; x_wconf 89' lang='lat' dir='ltr'>took</span> <span class='ocrx_word' id='word_1_424' title='bbox 1088 2974 1197 3012; x_wconf 90' lang='lat' dir='ltr'>three</span> <span class='ocrx_word' id='word_1_425' title='bbox 1218 2973 1414 3011; x_wconf 90' lang='lat' dir='ltr'>cartloads</span> <span class='ocrx_word' id='word_1_426' title='bbox 1435 2974 1480 3011; x_wconf 95' lang='lat' dir='ltr'>of</span> <span class='ocrx_word' id='word_1_427' title='bbox 1503 2972 1646 3011; x_wconf 91' lang='lat' dir='ltr'>timber</span> <span class='ocrx_word' id='word_1_428' title='bbox 1666 2971 1829 3010; x_wconf 90' lang='lat' dir='ltr'>without</span> <span class='ocrx_word' id='word_1_429' title='bbox 1850 2971 1917 3008; x_wconf 91' lang='lat' dir='ltr'>the</span> 
     </span>
    </p>
   </div>
   <div class='ocr_carea' id='block_1_4' title="bbox 398 3047 1848 3089">
    <p class='ocr_par' dir='ltr' id='par_1_12' title="bbox 398 3047 1848 3089">
     <span class='ocr_line' id='line_1_43' title="bbox 398 3047 1848 3089; baseline -0.002 -8"><span class='ocrx_word' id='word_1_430' title='bbox 398 3050 412 3065; x_wconf 83' lang='lat'>*</span> <span class='ocrx_word' id='word_1_431' title='bbox 439 3049 511 3081; x_wconf 87' lang='lat' dir='ltr'>The</span> <span class='ocrx_word' id='word_1_432' title='bbox 527 3050 703 3082; x_wconf 87' lang='lat' dir='ltr'>difference</span> <span class='ocrx_word' id='word_1_433' title='bbox 720 3050 754 3082; x_wconf 90' lang='lat' dir='ltr'>in</span> <span class='ocrx_word' id='word_1_434' title='bbox 770 3051 865 3082; x_wconf 88' lang='lat' dir='ltr'>value</span> <span class='ocrx_word' id='word_1_435' title='bbox 883 3051 1033 3083; x_wconf 89' lang='lat' dir='ltr'>between</span> <span class='ocrx_word' id='word_1_436' title='bbox 1049 3049 1113 3082; x_wconf 89' lang='lat' dir='ltr'>this</span> <span class='ocrx_word' id='word_1_437' title='bbox 1129 3049 1194 3081; x_wconf 89' lang='lat' dir='ltr'>and</span> <span class='ocrx_word' id='word_1_438' title='bbox 1211 3048 1265 3080; x_wconf 83' lang='lat' dir='ltr'>the</span> <span class='ocrx_word' id='word_1_439' title='bbox 1282 3048 1374 3080; x_wconf 85' lang='lat' dir='ltr'>other</span> <span class='ocrx_word' id='word_1_440' title='bbox 1391 3058 1548 3089; x_wconf 77' lang='lat' dir='ltr'>waggons</span> <span class='ocrx_word' id='word_1_441' title='bbox 1564 3048 1591 3079; x_wconf 91' lang='lat' dir='ltr'>is</span> <span class='ocrx_word' id='word_1_442' title='bbox 1608 3047 1713 3079; x_wconf 88' lang='lat' dir='ltr'>worth</span> <span class='ocrx_word' id='word_1_443' title='bbox 1730 3047 1848 3078; x_wconf 79' lang='lat' dir='ltr'>notice.</span> 
     </span>
    </p>
   </div>
  </div>
 </body>
</html>
