2044 3491
231 232 310 273 130
593 229 765 261 DUCHY
797 228 858 261 OF
892 228 1182 261 LANCASTER
1217 228 1451 261 RECORDS.

226 326 371 367 clamio
392 339 463 367 suo
483 334 690 366 contentas
711 340 777 366 eas
796 327 969 366 habeant
991 332 1030 365 et
1057 326 1257 376 gaudeant
1279 325 1354 365 sibi
1375 332 1414 365 et
1430 324 1722 364 successoribus
1743 324 1823 363 suis

227 392 533 442 imperpetuum,
555 393 663 430 salvo
685 405 839 441 semper
851 392 937 441 jure
958 397 1029 429 etc.

281 458 518 507 Radulphus
539 458 590 496 de
621 458 805 495 Bolmere
837 457 980 494 clamat
1009 456 1153 494 habere
1181 455 1346 494 liberum
1376 467 1537 504 parcum
1568 467 1683 493 suum
1712 455 1820 504 apud

227 524 432 561 Torenton
453 521 521 572 qui
539 530 700 561 vocatur
721 521 921 570 Riseberg‚
945 528 983 559 et
1003 521 1054 559 ad
1076 521 1303 559 habendum
1334 533 1450 559 canes
1471 519 1511 558 in
1533 519 1710 569 predicta
1729 520 1820 558 villa

227 588 279 626 de
294 588 498 625 Torenton
518 588 569 625 ad
589 587 825 625 currendum
855 585 896 623 in
924 598 1043 634 parco
1078 585 1266 634 predicto,
1304 592 1342 623 et
1376 584 1472 623 dicit
1500 585 1611 634 quod
1631 583 1817 623 dominus

228 654 261 702 J.
285 653 488 701 quondam
508 653 596 690 Rex
616 651 756 700 Anglie
777 649 1001 700 progenitor
1021 649 1173 688 domini
1191 649 1310 699 Regis
1331 663 1436 687 nunc
1456 663 1525 699 per
1545 657 1691 688 cartam
1709 663 1819 688 suam

228 717 339 755 dedit
359 724 397 755 et
417 716 611 755 concessit
632 716 788 754 cuidam
809 717 937 753 Alano
959 715 1009 753 de
1030 715 1187 764 Wylton
1204 722 1298 752 tunc
1314 714 1463 753 tenenti
1484 714 1588 764 parci
1602 714 1767 764 predicti
1781 722 1819 753 et

226 781 438 820 heredibus
454 794 532 819 suis
552 781 757 819 licenciam
774 779 984 818 claudendi
1005 792 1166 829 parcum
1186 779 1407 829 predictum
1425 788 1462 818 et
1482 781 1610 818 facere
1623 780 1716 817 inde
1737 793 1819 829 par-

228 859 317 884 cum
331 846 497 884 liberum
516 860 524 892 ;
544 853 582 884 et
603 846 712 895 quod
725 846 886 883 haberet
899 858 1016 883 canes
1029 845 1068 882 in
1086 845 1262 894 predicta
1275 845 1365 883 villa
1378 846 1428 884 de
1445 848 1649 884 Torenton
1663 846 1714 883 ad
1735 858 1817 882 cur-

227 912 395 950 rendum
417 910 456 948 in
476 924 594 960 parco
615 910 681 948 illo
699 925 706 949 z
735 910 877 948 virtute
908 911 1020 959 cujus
1041 917 1146 949 carte
1166 911 1295 949 dictus
1316 912 1465 949 Alanus
1486 910 1637 949 dictum
1658 923 1818 960 parcum

226 975 384 1014 inclusit
404 983 443 1014 et
462 975 627 1014 liberum
648 974 783 1022 tenuit,
805 982 843 1013 et
864 988 981 1013 canes
997 975 1132 1014 habuit
1148 975 1188 1013 in
1208 975 1384 1025 predicta
1399 975 1490 1014 villa
1509 976 1561 1014 ad
1581 975 1819 1013 currendum

227 1040 268 1078 in
295 1041 437 1079 eodem
471 1053 601 1090 parco,
642 1041 753 1089 cujus
786 1040 948 1089 quidem
983 1039 1098 1078 Alani
1133 1047 1277 1078 statum
1311 1040 1395 1090 ipse
1429 1041 1664 1089 Radulphus
1696 1040 1818 1078 modo

224 1106 354 1144 habet.
414 1106 467 1143 Et
500 1104 595 1143 dicit
629 1106 737 1154 quod
768 1104 952 1144 dominus
985 1106 1029 1143 E.
1067 1117 1193 1154 nuper
1226 1107 1313 1143 Rex
1345 1105 1487 1155 Anglie
1519 1113 1630 1155 pater
1665 1104 1820 1143 domini

226 1170 348 1219 Regis
386 1182 493 1207 nunc
523 1169 788 1208 donacionem
823 1177 861 1208 et
899 1168 1200 1208 concessionem
1235 1170 1330 1208 dicti
1364 1169 1517 1209 domini
1551 1171 1583 1219 J.
1615 1170 1818 1219 quondam

225 1234 347 1284 Regis
367 1233 509 1284 Anglie
543 1241 615 1279 etc,
649 1232 827 1283 inspexit,
849 1240 889 1272 et
909 1233 1105 1272 concessit
1144 1234 1272 1273 eidem
1309 1236 1524 1284 Radulpho
1545 1236 1654 1284 quod
1675 1234 1758 1284 ipse
1780 1242 1819 1273 et

223 1300 389 1338 heredes
424 1298 482 1337 sui
516 1298 686 1336 habeant
721 1306 758 1336 et
792 1306 953 1336 teneant
986 1311 1146 1347 parcum
1183 1299 1291 1337 illum
1324 1313 1415 1337 cum
1449 1299 1701 1349 pertinenciis
1736 1299 1816 1337 suis

224 1371 341 1413 prout
360 1362 558 1413 predictus
579 1364 730 1401 Alanus
751 1376 841 1401 eum
862 1363 998 1401 habuit
1019 1363 1161 1402 virtute
1181 1372 1286 1403 carte
1307 1365 1482 1414 predicte
1502 1365 1586 1403 sine
1606 1364 1817 1403 occasione

223 1430 285 1467 vel
323 1428 610 1478 impedimento
648 1427 768 1477 ipsius
807 1427 928 1478 Regis
961 1429 1024 1467 vel
1062 1429 1254 1468 heredum
1287 1443 1455 1477 suorum,
1487 1429 1813 1479 Jusfflciariorum,

225 1495 496 1540 Escaetorum‚
532 1492 824 1531 Vicecomitum
859 1500 927 1531 aut
967 1494 1131 1532 aliorum
1169 1494 1401 1532 ballivorum
1441 1507 1509 1532 seu
1547 1493 1816 1532 ministrorum

224 1559 347 1609 Regis
379 1571 750 1609 quorumcumque3
779 1559 885 1597 unde
919 1557 1014 1597 dicit
1045 1559 1155 1608 quod
1189 1558 1245 1596 sic
1276 1565 1384 1597 tenet
1403 1558 1487 1606 ipse
1508 1571 1670 1608 parcum
1701 1571 1814 1596 suum

222 1623 444 1674 predictum
464 1623 657 1661 inclusum
679 1631 718 1662 et
738 1623 914 1661 similiter
933 1636 1049 1661 canes
1070 1623 1110 1660 in
1131 1623 1307 1672 predicta
1326 1623 1417 1661 villa
1446 1624 1497 1661 de
1527 1624 1733 1661 Torenton
1761 1623 1814 1660 ad

222 1689 461 1727 currendum
495 1687 535 1726 in
570 1689 724 1734 eodem,
748 1695 787 1726 et
818 1687 915 1737 petit
949 1689 1058 1738 quod
1091 1687 1276 1725 clamium
1311 1701 1425 1725 suum
1457 1687 1493 1726 ei
1528 1687 1567 1725 in
1597 1688 1672 1725 hac
1701 1694 1812 1736 parte

223 1754 420 1792 allocetur‚
481 1755 531 1791 Et
552 1751 645 1802 quia
665 1751 819 1791 videtur
841 1752 957 1791 Curie
979 1753 1088 1802 quod
1109 1752 1323 1801 expediens
1351 1760 1410 1791 est
1441 1760 1479 1791 et
1510 1765 1673 1790 necesse
1703 1753 1812 1801 quod

222 1817 440 1867 inquiratur
476 1830 545 1867 per
583 1816 781 1854 ministros
820 1817 963 1855 foreste
1010 1830 1128 1867 super
1174 1817 1425 1867 possessione
1472 1825 1510 1856 et
1557 1817 1642 1855 visu
1689 1817 1813 1866 ipsius

221 1882 425 1931 Radulphi
446 1882 486 1920 in
506 1883 580 1919 hac
601 1888 709 1931 parte
730 1880 955 1930 priusquam
972 1881 1156 1920 clamium
1174 1895 1288 1920 suum
1305 1882 1525 1931 predictum
1548 1881 1582 1920 ei
1603 1883 1811 1929 allocetur‚

222 1947 315 1986 ideo
336 1947 554 1996 inquiratur
572 1946 665 1984 inde
685 1945 825 1984 veritas
846 1959 916 1995 per
937 1948 1110 1985 eosdem.
1171 1946 1251 1995 Qui
1268 1946 1415 1984 scilicet
1431 1945 1622 1985 forestarii
1639 1945 1810 1984 viridarii

224 2020 263 2052 et
293 2014 562 2063 regardatores
596 2013 647 2050 ad
681 2011 758 2049 hoc
787 2010 906 2059 jurati
939 2017 977 2049 et
1012 2008 1162 2047 onerati
1193 2008 1330 2047 dicunt
1370 2022 1486 2058 super
1520 2017 1811 2047 sacramentum

224 2091 339 2116 suum
371 2079 480 2128 quod
515 2077 711 2127 predictus
745 2079 895 2116 Alanus
930 2077 980 2115 de
1001 2075 1159 2124 Wylton
1178 2073 1322 2112 virtute
1352 2081 1458 2112 carte
1491 2073 1658 2123 predicti
1689 2074 1810 2123 Regis

222 2139 415 2190 Johannis
436 2153 595 2190 parcum
616 2139 837 2190 predictum
858 2138 1015 2177 inclusit
1036 2145 1073 2177 et
1094 2138 1262 2177 liberum
1292 2138 1429 2185 tenuit,
1453 2146 1492 2177 et
1524 2138 1661 2177 habuit
1692 2151 1811 2176 canes

224 2270 292 2307 the
322 2270 436 2306 Dean
466 2269 544 2306 and
575 2269 748 2317 Chapter
781 2268 847 2305 fail
880 2281 921 2305 as
956 2275 996 2305 to
1030 2267 1130 2306 their
1160 2267 1277 2305 claim
1306 2275 1347 2306 to
1386 2269 1476 2306 take
1519 2269 1628 2318 poles
1659 2269 1718 2306 sor
1746 2268 1814 2306 the

226 2335 387 2372 harness
409 2334 454 2371 of
478 2332 579 2371 their
608 2333 787 2382 ploughs,
810 2333 881 2370 but
911 2333 1080 2370 succeed
1111 2345 1152 2370 as
1182 2339 1223 2370 to
1252 2333 1318 2371 the
1339 2340 1416 2371 rest
1437 2334 1482 2371 of
1505 2333 1571 2371 the
1592 2333 1813 2382 quittances

225 2399 307 2437 and
327 2398 448 2447 rights
469 2397 650 2436 claimed.

280 2464 412 2512 Ralph
443 2463 493 2501 de
523 2463 686 2500 Bulmer
717 2461 853 2500 claims
887 2468 928 2500 to
962 2461 1062 2499 have
1096 2474 1118 2499 a
1152 2462 1231 2500 free
1262 2462 1359 2511 park
1392 2469 1430 2499 at
1459 2463 1495 2499 T
1499 2462 1669 2499 hornton
1700 2461 1810 2500 Rise-

225 2528 417 2576 borough,
439 2527 518 2565 and
547 2534 588 2565 to
617 2527 718 2575 keep
747 2526 904 2564 hounds
934 2533 974 2564 to
1009 2526 1108 2564 hunt
1142 2527 1262 2564 there.
1323 2528 1391 2564 He
1420 2525 1557 2564 claims
1586 2526 1670 2564 that
1702 2525 1812 2576 King

225 2593 331 2642 John
353 2593 404 2641 by
424 2592 527 2630 deed
547 2591 711 2641 granted
731 2598 772 2628 to
793 2603 869 2629 one
898 2591 1001 2628 Alan
1022 2590 1072 2628 de
1093 2590 1251 2638 Wiston,
1273 2591 1367 2629 then
1387 2591 1527 2629 holder
1547 2592 1589 2629 of
1614 2591 1682 2629 the
1702 2592 1809 2639 park,

226 2658 306 2695 and
337 2656 396 2694 his
430 2656 545 2703 heirs,
566 2656 705 2705 liberty
725 2662 767 2694 to
801 2654 950 2693 inclose
983 2655 1062 2693 and
1095 2655 1209 2692 make
1243 2668 1265 2692 a
1298 2656 1377 2692 free
1412 2655 1507 2704 park
1540 2655 1619 2692 and
1649 2661 1689 2692 to
1709 2655 1812 2704 keep

225 2721 383 2759 hounds
415 2728 456 2759 to
491 2721 591 2758 hunt
621 2721 755 2768 there3
788 2721 840 2770 by
859 2718 983 2758 virtue
1017 2719 1192 2757 whereof
1220 2720 1333 2766 Alan,
1356 2719 1487 2757 whose
1507 2726 1631 2757 estate
1652 2719 1702 2757 he
1723 2732 1811 2757 now

225 2786 352 2832 holds,
376 2785 574 2824 exercised
603 2785 671 2823 the
699 2784 831 2834 rights.
892 2786 959 2822 He
993 2797 1078 2833 says
1109 2784 1193 2822 that
1225 2785 1394 2822 Edward
1429 2783 1714 2833 1I.inspected
1742 2784 1810 2822 the

225 2858 336 2899 grant
353 2852 398 2889 of
420 2851 526 2899 John
547 2851 626 2888 and
655 2850 819 2899 granted
838 2855 879 2886 to
900 2849 1031 2898 Ralph
1061 2848 1143 2886 that
1173 2849 1224 2886 he
1252 2849 1330 2887 and
1356 2847 1416 2887 his
1446 2847 1547 2887 heirs
1568 2847 1692 2898 might
1711 2848 1809 2886 hold

227 2915 293 2952 the
331 2916 428 2964 park
465 2914 556 2953 with
595 2913 643 2952 its
681 2921 993 2964 appurtenances
1040 2925 1082 2950 as
1120 2913 1223 2950 Alan
1261 2913 1354 2951 held
1393 2912 1432 2960 it,
1473 2912 1635 2951 without
1673 2913 1727 2950 let
1765 2924 1809 2950 or

226 2977 443 3017 hindrance
481 2992 534 3017 on
572 2979 639 3017 the
677 2985 763 3028 part
796 2980 837 3016 of
872 2978 940 3016 the
978 2976 1086 3026 King
1123 2989 1167 3014 or
1204 2977 1263 3014 his
1303 2977 1415 3024 heirs,
1453 2991 1496 3015 or
1529 2977 1588 3015 his
1622 2975 1803 3026 Justices‚

229 3043 478 3091 Escheators‚
500 3043 669 3090 Sheriffs,
692 3056 736 3082 or
762 3044 873 3082 other
902 3041 1041 3081 bailiffs
1071 3055 1115 3080 or
1143 3042 1294 3081 officers
1325 3043 1574 3080 whatsoever.
1636 3042 1701 3078 He
1722 3052 1808 3089 says
