<?xml version="1.0" encoding="UTF-8"?>
<!DOCTYPE html PUBLIC "-//W3C//DTD XHTML 1.0 Transitional//EN"
    "http://www.w3.org/TR/xhtml1/DTD/xhtml1-transitional.dtd">
<html xmlns="http://www.w3.org/1999/xhtml" xml:lang="en" lang="en">
 <head>
  <title>
</title>
<meta http-equiv="Content-Type" content="text/html;charset=utf-8" />
  <meta name='ocr-system' content='tesseract 3.04.00' />
  <meta name='ocr-capabilities' content='ocr_page ocr_carea ocr_par ocr_line ocrx_word'/>
</head>
<body>
  <div class='ocr_page' id='page_1' title='image "./honorforestofpic03turt_0113.png"; bbox 0 0 2044 3491; ppageno 0'>
   <div class='ocr_carea' id='block_1_1' title="bbox 789 225 1778 270">
    <p class='ocr_par' dir='ltr' id='par_1_1' title="bbox 789 225 1778 270">
     <span class='ocr_line' id='line_1_1' title="bbox 789 225 1778 270; baseline -0.005 -12"><span class='ocrx_word' id='word_1_1' title='bbox 789 225 1023 258; x_wconf 76' lang='lat' dir='ltr'>coUCHER</span> <span class='ocrx_word' id='word_1_2' title='bbox 1054 225 1196 257; x_wconf 82' lang='lat' dir='ltr'>BOOK.</span> <span class='ocrx_word' id='word_1_3' title='bbox 1728 225 1778 270; x_wconf 88' lang='lat'>75</span> 
     </span>
    </p>
   </div>
   <div class='ocr_carea' id='block_1_2' title="bbox 198 321 1791 960">
    <p class='ocr_par' dir='ltr' id='par_1_2' title="bbox 198 321 1791 960">
     <span class='ocr_line' id='line_1_2' title="bbox 198 321 1786 376; baseline -0.001 -12"><span class='ocrx_word' id='word_1_4' title='bbox 198 324 437 376; x_wconf 86' lang='lat' dir='ltr'>description</span> <span class='ocrx_word' id='word_1_5' title='bbox 458 338 499 363; x_wconf 92' lang='lat' dir='ltr'>as</span> <span class='ocrx_word' id='word_1_6' title='bbox 520 331 558 364; x_wconf 87' lang='lat' dir='ltr'>at</span> <span class='ocrx_word' id='word_1_7' title='bbox 579 337 677 375; x_wconf 84' lang='lat' dir='ltr'><strong>page</strong></span> <span class='ocrx_word' id='word_1_8' title='bbox 700 326 747 373; x_wconf 88' lang='lat'>67</span> <span class='ocrx_word' id='word_1_9' title='bbox 771 331 862 363; x_wconf 89' lang='lat' dir='ltr'>ante</span> <span class='ocrx_word' id='word_1_10' title='bbox 883 335 924 362; x_wconf 88' lang='lat' dir='ltr'>to</span> <span class='ocrx_word' id='word_1_11' title='bbox 945 323 1116 362; x_wconf 90' lang='lat' dir='ltr'>convicti</span> <span class='ocrx_word' id='word_1_12' title='bbox 1137 321 1244 375; x_wconf 88' lang='lat' dir='ltr'>sunt]</span> <span class='ocrx_word' id='word_1_13' title='bbox 1268 321 1408 375; x_wconf 82' lang='lat' dir='ltr'>[283b]</span> <span class='ocrx_word' id='word_1_14' title='bbox 1432 324 1494 361; x_wconf 91' lang='lat' dir='ltr'>Ita</span> <span class='ocrx_word' id='word_1_15' title='bbox 1514 323 1623 373; x_wconf 90' lang='lat' dir='ltr'>quod</span> <span class='ocrx_word' id='word_1_16' title='bbox 1643 324 1786 373; x_wconf 84' lang='lat' dir='ltr'>placita</span> 
     </span>
     <span class='ocr_line' id='line_1_3' title="bbox 201 388 1786 440; baseline -0.002 -11"><span class='ocrx_word' id='word_1_17' title='bbox 201 398 238 429; x_wconf 89' lang='lat' dir='ltr'>et</span> <span class='ocrx_word' id='word_1_18' title='bbox 258 404 463 440; x_wconf 83' lang='lat' dir='ltr'>processus</span> <span class='ocrx_word' id='word_1_19' title='bbox 497 389 672 440; x_wconf 88' lang='lat' dir='ltr'>predicta</span> <span class='ocrx_word' id='word_1_20' title='bbox 706 396 836 428; x_wconf 85' lang='lat' dir='ltr'><strong>essent</strong></span> <span class='ocrx_word' id='word_1_21' title='bbox 869 389 934 427; x_wconf 91' lang='lat' dir='ltr'>hic</span> <span class='ocrx_word' id='word_1_22' title='bbox 967 389 1007 426; x_wconf 92' lang='lat' dir='ltr'>in</span> <span class='ocrx_word' id='word_1_23' title='bbox 1030 389 1170 427; x_wconf 90' lang='lat' dir='ltr'>eodem</span> <span class='ocrx_word' id='word_1_24' title='bbox 1192 395 1294 426; x_wconf 87' lang='lat' dir='ltr'>statu</span> <span class='ocrx_word' id='word_1_25' title='bbox 1328 388 1368 425; x_wconf 92' lang='lat' dir='ltr'>in</span> <span class='ocrx_word' id='word_1_26' title='bbox 1390 401 1471 438; x_wconf 91' lang='lat' dir='ltr'>quo</span> <span class='ocrx_word' id='word_1_27' title='bbox 1503 388 1660 426; x_wconf 92' lang='lat' dir='ltr'>fuerunt</span> <span class='ocrx_word' id='word_1_28' title='bbox 1679 389 1786 438; x_wconf 91' lang='lat' dir='ltr'>apud</span> 
     </span>
     <span class='ocr_line' id='line_1_4' title="bbox 201 452 1787 505; baseline -0.001 -13"><span class='ocrx_word' id='word_1_29' title='bbox 201 455 396 505; x_wconf 87' lang='lat' dir='ltr'>Pikeryng</span> <span class='ocrx_word' id='word_1_30' title='bbox 415 454 592 505; x_wconf 86' lang='lat' dir='ltr'>predicto</span> <span class='ocrx_word' id='word_1_31' title='bbox 606 454 670 493; x_wconf 92' lang='lat' dir='ltr'>die</span> <span class='ocrx_word' id='word_1_32' title='bbox 685 453 870 492; x_wconf 88' lang='lat' dir='ltr'>Mercurii</span> <span class='ocrx_word' id='word_1_33' title='bbox 883 452 1060 503; x_wconf 82' lang='lat' dir='ltr'>proximo</span> <span class='ocrx_word' id='word_1_34' title='bbox 1081 460 1170 503; x_wconf 89' lang='lat' dir='ltr'>post</span> <span class='ocrx_word' id='word_1_35' title='bbox 1184 454 1328 491; x_wconf 89' lang='lat' dir='ltr'>festum</span> <span class='ocrx_word' id='word_1_36' title='bbox 1349 452 1603 491; x_wconf 90' lang='lat' dir='ltr'>Ascensionis</span> <span class='ocrx_word' id='word_1_37' title='bbox 1622 452 1787 492; x_wconf 87' lang='lat' dir='ltr'>Domini</span> 
     </span>
     <span class='ocr_line' id='line_1_5' title="bbox 199 517 1788 569; baseline 0 -12"><span class='ocrx_word' id='word_1_38' title='bbox 199 520 419 569; x_wconf 84' lang='lat' dir='ltr'>proximum</span> <span class='ocrx_word' id='word_1_39' title='bbox 440 518 625 569; x_wconf 85' lang='lat' dir='ltr'>preterito</span> <span class='ocrx_word' id='word_1_40' title='bbox 646 519 807 568; x_wconf 88' lang='lat' dir='ltr'>quando</span> <span class='ocrx_word' id='word_1_41' title='bbox 824 517 1071 556; x_wconf 86' lang='lat' dir='ltr'>atterminata</span> <span class='ocrx_word' id='word_1_42' title='bbox 1085 519 1239 556; x_wconf 87' lang='lat' dir='ltr'>suerunt</span> <span class='ocrx_word' id='word_1_43' title='bbox 1260 525 1346 565; x_wconf 89' lang='lat' dir='ltr'>etc.,</span> <span class='ocrx_word' id='word_1_44' title='bbox 1365 525 1403 556; x_wconf 91' lang='lat' dir='ltr'>et</span> <span class='ocrx_word' id='word_1_45' title='bbox 1417 525 1689 556; x_wconf 82' lang='lat' dir='ltr'>remanserunt</span> <span class='ocrx_word' id='word_1_46' title='bbox 1705 517 1788 557; x_wconf 89' lang='lat' dir='ltr'>sine</span> 
     </span>
     <span class='ocr_line' id='line_1_6' title="bbox 200 582 1787 634; baseline -0.002 -11"><span class='ocrx_word' id='word_1_47' title='bbox 200 584 265 623; x_wconf 90' lang='lat' dir='ltr'>die</span> <span class='ocrx_word' id='word_1_48' title='bbox 297 597 367 634; x_wconf 91' lang='lat' dir='ltr'>per</span> <span class='ocrx_word' id='word_1_49' title='bbox 398 583 623 622; x_wconf 85' lang='lat' dir='ltr'>absenciam</span> <span class='ocrx_word' id='word_1_50' title='bbox 653 582 950 633; x_wconf 85' lang='lat' dir='ltr'>Justiciarorum</span> <span class='ocrx_word' id='word_1_51' title='bbox 982 589 1054 621; x_wconf 88' lang='lat' dir='ltr'>etc.</span> <span class='ocrx_word' id='word_1_52' title='bbox 1089 582 1182 621; x_wconf 87' lang='lat' dir='ltr'>alibi</span> <span class='ocrx_word' id='word_1_53' title='bbox 1203 582 1471 622; x_wconf 83' lang='lat' dir='ltr'>existencium.</span> <span class='ocrx_word' id='word_1_54' title='bbox 1531 585 1582 621; x_wconf 87' lang='lat' dir='ltr'>Et</span> <span class='ocrx_word' id='word_1_55' title='bbox 1602 582 1676 633; x_wconf 88' lang='lat' dir='ltr'>ipsi</span> <span class='ocrx_word' id='word_1_56' title='bbox 1706 595 1787 622; x_wconf 90' lang='lat' dir='ltr'>non</span> 
     </span>
     <span class='ocr_line' id='line_1_7' title="bbox 199 647 1788 698; baseline -0.002 -10"><span class='ocrx_word' id='word_1_57' title='bbox 199 649 371 697; x_wconf 89' lang='lat' dir='ltr'>veniunt,</span> <span class='ocrx_word' id='word_1_58' title='bbox 394 657 432 689; x_wconf 91' lang='lat' dir='ltr'>et</span> <span class='ocrx_word' id='word_1_59' title='bbox 452 649 673 688; x_wconf 85' lang='lat' dir='ltr'>vicecomes</span> <span class='ocrx_word' id='word_1_60' title='bbox 693 655 865 688; x_wconf 91' lang='lat' dir='ltr'>retornat</span> <span class='ocrx_word' id='word_1_61' title='bbox 886 648 994 698; x_wconf 91' lang='lat' dir='ltr'>quod</span> <span class='ocrx_word' id='word_1_62' title='bbox 1015 647 1180 697; x_wconf 85' lang='lat' dir='ltr'>predicti</span> <span class='ocrx_word' id='word_1_63' title='bbox 1202 649 1401 686; x_wconf 87' lang='lat' dir='ltr'>Robertus</span> <span class='ocrx_word' id='word_1_64' title='bbox 1430 648 1480 686; x_wconf 94' lang='lat' dir='ltr'>de</span> <span class='ocrx_word' id='word_1_65' title='bbox 1511 648 1718 687; x_wconf 89' lang='lat' dir='ltr'>Chibourn</span> <span class='ocrx_word' id='word_1_66' title='bbox 1749 654 1788 686; x_wconf 91' lang='lat' dir='ltr'>et</span> 
     </span>
     <span class='ocr_line' id='line_1_8' title="bbox 198 712 1790 763; baseline -0.001 -11"><span class='ocrx_word' id='word_1_67' title='bbox 198 714 263 752; x_wconf 89' lang='lat' dir='ltr'>alii</span> <span class='ocrx_word' id='word_1_68' title='bbox 284 727 364 752; x_wconf 90' lang='lat' dir='ltr'>non</span> <span class='ocrx_word' id='word_1_69' title='bbox 385 722 475 753; x_wconf 91' lang='lat' dir='ltr'>sunt</span> <span class='ocrx_word' id='word_1_70' title='bbox 496 714 643 753; x_wconf 90' lang='lat' dir='ltr'>inventi</span> <span class='ocrx_word' id='word_1_71' title='bbox 664 727 738 753; x_wconf 92' lang='lat' dir='ltr'>nec</span> <span class='ocrx_word' id='word_1_72' title='bbox 758 713 907 763; x_wconf 89' lang='lat' dir='ltr'>aliquid</span> <span class='ocrx_word' id='word_1_73' title='bbox 928 713 1075 751; x_wconf 90' lang='lat' dir='ltr'>habent</span> <span class='ocrx_word' id='word_1_74' title='bbox 1095 712 1135 750; x_wconf 91' lang='lat' dir='ltr'>in</span> <span class='ocrx_word' id='word_1_75' title='bbox 1156 712 1299 751; x_wconf 88' lang='lat' dir='ltr'>balliva</span> <span class='ocrx_word' id='word_1_76' title='bbox 1319 726 1388 750; x_wconf 89' lang='lat' dir='ltr'>sua</span> <span class='ocrx_word' id='word_1_77' title='bbox 1410 725 1478 762; x_wconf 92' lang='lat' dir='ltr'>per</span> <span class='ocrx_word' id='word_1_78' title='bbox 1498 713 1608 762; x_wconf 89' lang='lat' dir='ltr'>quod</span> <span class='ocrx_word' id='word_1_79' title='bbox 1625 719 1790 762; x_wconf 85' lang='lat' dir='ltr'>possunt</span> 
     </span>
     <span class='ocr_line' id='line_1_9' title="bbox 200 777 1790 828; baseline -0.001 -11"><span class='ocrx_word' id='word_1_80' title='bbox 200 778 411 818; x_wconf 87' lang='lat' dir='ltr'>attachiari.</span> <span class='ocrx_word' id='word_1_81' title='bbox 468 780 568 818; x_wconf 90' lang='lat' dir='ltr'>Ideo</span> <span class='ocrx_word' id='word_1_82' title='bbox 582 786 811 828; x_wconf 88' lang='lat' dir='ltr'>preceptum</span> <span class='ocrx_word' id='word_1_83' title='bbox 826 784 884 817; x_wconf 86' lang='lat' dir='ltr'>est</span> <span class='ocrx_word' id='word_1_84' title='bbox 897 777 1121 816; x_wconf 88' lang='lat' dir='ltr'>vicecomiti</span> <span class='ocrx_word' id='word_1_85' title='bbox 1135 778 1243 828; x_wconf 91' lang='lat' dir='ltr'>quod</span> <span class='ocrx_word' id='word_1_86' title='bbox 1260 777 1388 827; x_wconf 89' lang='lat' dir='ltr'>capiat</span> <span class='ocrx_word' id='word_1_87' title='bbox 1401 790 1469 816; x_wconf 93' lang='lat' dir='ltr'>eos</span> <span class='ocrx_word' id='word_1_88' title='bbox 1483 777 1514 815; x_wconf 88' lang='lat' dir='ltr'>si</span> <span class='ocrx_word' id='word_1_89' title='bbox 1528 785 1615 824; x_wconf 83' lang='lat' dir='ltr'>etc.,</span> <span class='ocrx_word' id='word_1_90' title='bbox 1631 784 1668 815; x_wconf 93' lang='lat' dir='ltr'>et</span> <span class='ocrx_word' id='word_1_91' title='bbox 1682 778 1790 815; x_wconf 89' lang='lat' dir='ltr'>salvo</span> 
     </span>
     <span class='ocr_line' id='line_1_10' title="bbox 203 840 1791 894; baseline -0.001 -12"><span class='ocrx_word' id='word_1_92' title='bbox 203 851 291 891; x_wconf 85' lang='lat' dir='ltr'>etc.,</span> <span class='ocrx_word' id='word_1_93' title='bbox 313 844 365 883; x_wconf 89' lang='lat' dir='ltr'>ita</span> <span class='ocrx_word' id='word_1_94' title='bbox 387 846 495 894; x_wconf 90' lang='lat' dir='ltr'>quod</span> <span class='ocrx_word' id='word_1_95' title='bbox 515 845 659 883; x_wconf 89' lang='lat' dir='ltr'>habeat</span> <span class='ocrx_word' id='word_1_96' title='bbox 680 856 844 893; x_wconf 91' lang='lat' dir='ltr'>corpora</span> <span class='ocrx_word' id='word_1_97' title='bbox 865 855 1000 881; x_wconf 88' lang='lat' dir='ltr'>eorum</span> <span class='ocrx_word' id='word_1_98' title='bbox 1023 841 1088 880; x_wconf 90' lang='lat' dir='ltr'>hic</span> <span class='ocrx_word' id='word_1_99' title='bbox 1114 855 1246 880; x_wconf 91' lang='lat' dir='ltr'>coram</span> <span class='ocrx_word' id='word_1_100' title='bbox 1277 841 1435 891; x_wconf 90' lang='lat' dir='ltr'>prefatis</span> <span class='ocrx_word' id='word_1_101' title='bbox 1464 841 1695 890; x_wconf 85' lang='lat' dir='ltr'>Justiciariis</span> <span class='ocrx_word' id='word_1_102' title='bbox 1725 840 1791 880; x_wconf 90' lang='lat' dir='ltr'>die</span> 
     </span>
     <span class='ocr_line' id='line_1_11' title="bbox 201 905 1638 960; baseline -0.002 -13"><span class='ocrx_word' id='word_1_103' title='bbox 201 911 314 949; x_wconf 89' lang='lat' dir='ltr'>Lune</span> <span class='ocrx_word' id='word_1_104' title='bbox 334 909 374 947; x_wconf 94' lang='lat' dir='ltr'>in</span> <span class='ocrx_word' id='word_1_105' title='bbox 395 911 570 949; x_wconf 88' lang='lat' dir='ltr'>secunda</span> <span class='ocrx_word' id='word_1_106' title='bbox 590 909 811 960; x_wconf 80' lang='lat' dir='ltr'>septimana</span> <span class='ocrx_word' id='word_1_107' title='bbox 832 906 1131 958; x_wconf 82' lang='lat' dir='ltr'>quadragesime</span> <span class='ocrx_word' id='word_1_108' title='bbox 1152 908 1203 945; x_wconf 88' lang='lat' dir='ltr'>ad</span> <span class='ocrx_word' id='word_1_109' title='bbox 1224 905 1544 945; x_wconf 88' lang='lat' dir='ltr'>satisfaciendum</span> <span class='ocrx_word' id='word_1_110' title='bbox 1566 913 1638 945; x_wconf 87' lang='lat' dir='ltr'>etc.</span> 
     </span>
    </p>
   </div>
   <div class='ocr_carea' id='block_1_3' title="bbox 310 993 1792 1177">
    <p class='ocr_par' dir='ltr' id='par_1_3' title="bbox 310 993 1792 1177">
     <span class='ocr_line' id='line_1_12' title="bbox 310 993 1792 1048; baseline -0.003 -12"><span class='ocrx_word' id='word_1_111' title='bbox 310 997 458 1036; x_wconf 89' lang='lat' dir='ltr'>Placita</span> <span class='ocrx_word' id='word_1_112' title='bbox 485 1005 594 1036; x_wconf 88' lang='lat' dir='ltr'>tenta</span> <span class='ocrx_word' id='word_1_113' title='bbox 623 998 729 1048; x_wconf 90' lang='lat' dir='ltr'>apud</span> <span class='ocrx_word' id='word_1_114' title='bbox 758 995 952 1046; x_wconf 87' lang='lat' dir='ltr'>Pikeryng</span> <span class='ocrx_word' id='word_1_115' title='bbox 971 1009 1104 1034; x_wconf 88' lang='lat' dir='ltr'>coram</span> <span class='ocrx_word' id='word_1_116' title='bbox 1125 993 1283 1045; x_wconf 88' lang='lat' dir='ltr'>prefatis</span> <span class='ocrx_word' id='word_1_117' title='bbox 1305 994 1480 1033; x_wconf 88' lang='lat' dir='ltr'>Ricardo</span> <span class='ocrx_word' id='word_1_118' title='bbox 1500 995 1551 1033; x_wconf 91' lang='lat' dir='ltr'>de</span> <span class='ocrx_word' id='word_1_119' title='bbox 1570 993 1792 1044; x_wconf 84' lang='lat' dir='ltr'>Wylughby</span> 
     </span>
     <span class='ocr_line' id='line_1_13' title="bbox 417 1059 1792 1112; baseline -0.003 -11"><span class='ocrx_word' id='word_1_120' title='bbox 417 1069 455 1101; x_wconf 86' lang='lat' dir='ltr'>et</span> <span class='ocrx_word' id='word_1_121' title='bbox 474 1064 659 1112; x_wconf 88' lang='lat' dir='ltr'>Johanne</span> <span class='ocrx_word' id='word_1_122' title='bbox 679 1063 730 1101; x_wconf 94' lang='lat' dir='ltr'>de</span> <span class='ocrx_word' id='word_1_123' title='bbox 752 1061 961 1111; x_wconf 86' lang='lat' dir='ltr'>Hambury</span> <span class='ocrx_word' id='word_1_124' title='bbox 980 1059 1211 1110; x_wconf 86' lang='lat' dir='ltr'>Justiciariis</span> <span class='ocrx_word' id='word_1_125' title='bbox 1232 1067 1319 1105; x_wconf 86' lang='lat' dir='ltr'>etc.,</span> <span class='ocrx_word' id='word_1_126' title='bbox 1335 1060 1400 1098; x_wconf 92' lang='lat' dir='ltr'>die</span> <span class='ocrx_word' id='word_1_127' title='bbox 1421 1061 1534 1098; x_wconf 87' lang='lat' dir='ltr'>Lune</span> <span class='ocrx_word' id='word_1_128' title='bbox 1555 1059 1595 1097; x_wconf 91' lang='lat' dir='ltr'>in</span> <span class='ocrx_word' id='word_1_129' title='bbox 1615 1059 1792 1098; x_wconf 84' lang='lat' dir='ltr'>secunda</span> 
     </span>
     <span class='ocr_line' id='line_1_14' title="bbox 415 1121 1748 1177; baseline -0.005 -12"><span class='ocrx_word' id='word_1_130' title='bbox 415 1127 633 1177; x_wconf 84' lang='lat' dir='ltr'>septimana</span> <span class='ocrx_word' id='word_1_131' title='bbox 653 1126 952 1177; x_wconf 84' lang='lat' dir='ltr'>quadragesime</span> <span class='ocrx_word' id='word_1_132' title='bbox 972 1135 1077 1161; x_wconf 87' lang='lat' dir='ltr'>anno</span> <span class='ocrx_word' id='word_1_133' title='bbox 1098 1122 1192 1161; x_wconf 90' lang='lat' dir='ltr'>dicti</span> <span class='ocrx_word' id='word_1_134' title='bbox 1212 1121 1363 1161; x_wconf 91' lang='lat' dir='ltr'>domini</span> <span class='ocrx_word' id='word_1_135' title='bbox 1384 1121 1505 1172; x_wconf 85' lang='lat' dir='ltr'>Regis</span> <span class='ocrx_word' id='word_1_136' title='bbox 1526 1134 1632 1160; x_wconf 93' lang='lat' dir='ltr'>nunc</span> <span class='ocrx_word' id='word_1_137' title='bbox 1651 1122 1748 1170; x_wconf 73' lang='lat' dir='ltr'>xij.</span> 
     </span>
    </p>
   </div>
   <div class='ocr_carea' id='block_1_4' title="bbox 202 1195 1796 1512">
    <p class='ocr_par' dir='ltr' id='par_1_4' title="bbox 202 1195 1796 1512">
     <span class='ocr_line' id='line_1_15' title="bbox 256 1195 1792 1252; baseline -0.003 -12"><span class='ocrx_word' id='word_1_138' title='bbox 256 1203 492 1252; x_wconf 89' lang='lat' dir='ltr'>Preceptum</span> <span class='ocrx_word' id='word_1_139' title='bbox 513 1209 571 1241; x_wconf 87' lang='lat' dir='ltr'>est</span> <span class='ocrx_word' id='word_1_140' title='bbox 592 1201 814 1241; x_wconf 89' lang='lat' dir='ltr'>vicecomiti</span> <span class='ocrx_word' id='word_1_141' title='bbox 835 1201 945 1251; x_wconf 88' lang='lat' dir='ltr'>quod</span> <span class='ocrx_word' id='word_1_142' title='bbox 965 1204 1122 1248; x_wconf 91' lang='lat' dir='ltr'>caperet</span> <span class='ocrx_word' id='word_1_143' title='bbox 1153 1195 1283 1249; x_wconf 88' lang='lat' dir='ltr'>[again</span> <span class='ocrx_word' id='word_1_144' title='bbox 1304 1198 1371 1235; x_wconf 89' lang='lat' dir='ltr'>the</span> <span class='ocrx_word' id='word_1_145' title='bbox 1392 1210 1500 1235; x_wconf 89' lang='lat' dir='ltr'>same</span> <span class='ocrx_word' id='word_1_146' title='bbox 1520 1197 1583 1235; x_wconf 88' lang='lat' dir='ltr'>list</span> <span class='ocrx_word' id='word_1_147' title='bbox 1604 1195 1694 1235; x_wconf 88' lang='lat' dir='ltr'>with</span> <span class='ocrx_word' id='word_1_148' title='bbox 1724 1196 1792 1235; x_wconf 89' lang='lat' dir='ltr'>the</span> 
     </span>
     <span class='ocr_line' id='line_1_16' title="bbox 203 1260 1796 1317; baseline -0.003 -12"><span class='ocrx_word' id='word_1_149' title='bbox 203 1279 310 1306; x_wconf 88' lang='lat' dir='ltr'>same</span> <span class='ocrx_word' id='word_1_150' title='bbox 331 1274 463 1306; x_wconf 89' lang='lat' dir='ltr'>return</span> <span class='ocrx_word' id='word_1_151' title='bbox 484 1280 526 1305; x_wconf 89' lang='lat' dir='ltr'>as</span> <span class='ocrx_word' id='word_1_152' title='bbox 547 1280 600 1306; x_wconf 92' lang='lat' dir='ltr'>on</span> <span class='ocrx_word' id='word_1_153' title='bbox 619 1280 719 1317; x_wconf 85' lang='lat' dir='ltr'>page</span> <span class='ocrx_word' id='word_1_154' title='bbox 741 1269 802 1315; x_wconf 89' lang='lat'>67.</span> <span class='ocrx_word' id='word_1_155' title='bbox 863 1267 901 1304; x_wconf 92' lang='lat' dir='ltr'>It</span> <span class='ocrx_word' id='word_1_156' title='bbox 921 1261 1156 1314; x_wconf 88' lang='lat' dir='ltr'>concludes]</span> <span class='ocrx_word' id='word_1_157' title='bbox 1179 1260 1320 1314; x_wconf 83' lang='lat' dir='ltr'>[284b]</span> <span class='ocrx_word' id='word_1_158' title='bbox 1352 1262 1453 1300; x_wconf 89' lang='lat' dir='ltr'>Ideo</span> <span class='ocrx_word' id='word_1_159' title='bbox 1475 1261 1576 1299; x_wconf 87' lang='lat' dir='ltr'>sicut</span> <span class='ocrx_word' id='word_1_160' title='bbox 1597 1261 1691 1299; x_wconf 89' lang='lat' dir='ltr'>alias</span> <span class='ocrx_word' id='word_1_161' title='bbox 1712 1274 1796 1311; x_wconf 91' lang='lat' dir='ltr'>pre-</span> 
     </span>
     <span class='ocr_line' id='line_1_17' title="bbox 203 1325 1794 1381; baseline -0.004 -12"><span class='ocrx_word' id='word_1_162' title='bbox 203 1339 361 1381; x_wconf 89' lang='lat' dir='ltr'>ceptum</span> <span class='ocrx_word' id='word_1_163' title='bbox 383 1339 441 1370; x_wconf 87' lang='lat' dir='ltr'>est</span> <span class='ocrx_word' id='word_1_164' title='bbox 461 1331 683 1371; x_wconf 87' lang='lat' dir='ltr'>vicecomiti</span> <span class='ocrx_word' id='word_1_165' title='bbox 704 1332 812 1381; x_wconf 92' lang='lat' dir='ltr'>quod</span> <span class='ocrx_word' id='word_1_166' title='bbox 845 1329 975 1380; x_wconf 90' lang='lat' dir='ltr'>capiat</span> <span class='ocrx_word' id='word_1_167' title='bbox 1006 1341 1074 1367; x_wconf 92' lang='lat' dir='ltr'>eos</span> <span class='ocrx_word' id='word_1_168' title='bbox 1108 1327 1139 1366; x_wconf 93' lang='lat' dir='ltr'>si</span> <span class='ocrx_word' id='word_1_169' title='bbox 1171 1334 1257 1375; x_wconf 65' lang='lat' dir='ltr'>ete,</span> <span class='ocrx_word' id='word_1_170' title='bbox 1281 1334 1320 1365; x_wconf 91' lang='lat' dir='ltr'>et</span> <span class='ocrx_word' id='word_1_171' title='bbox 1351 1328 1459 1365; x_wconf 89' lang='lat' dir='ltr'>salvo</span> <span class='ocrx_word' id='word_1_172' title='bbox 1487 1333 1575 1374; x_wconf 90' lang='lat' dir='ltr'>etc.,</span> <span class='ocrx_word' id='word_1_173' title='bbox 1597 1325 1652 1364; x_wconf 89' lang='lat' dir='ltr'>ita</span> <span class='ocrx_word' id='word_1_174' title='bbox 1683 1326 1794 1375; x_wconf 89' lang='lat' dir='ltr'>quod</span> 
     </span>
     <span class='ocr_line' id='line_1_18' title="bbox 203 1389 1794 1446; baseline -0.004 -11"><span class='ocrx_word' id='word_1_175' title='bbox 203 1397 347 1435; x_wconf 88' lang='lat' dir='ltr'>habeat</span> <span class='ocrx_word' id='word_1_176' title='bbox 366 1410 532 1446; x_wconf 92' lang='lat' dir='ltr'>corpora</span> <span class='ocrx_word' id='word_1_177' title='bbox 552 1409 690 1435; x_wconf 88' lang='lat' dir='ltr'>eorum</span> <span class='ocrx_word' id='word_1_178' title='bbox 710 1395 775 1434; x_wconf 90' lang='lat' dir='ltr'>hic</span> <span class='ocrx_word' id='word_1_179' title='bbox 796 1408 929 1433; x_wconf 85' lang='lat' dir='ltr'>coram</span> <span class='ocrx_word' id='word_1_180' title='bbox 951 1391 1107 1444; x_wconf 88' lang='lat' dir='ltr'>prefatis</span> <span class='ocrx_word' id='word_1_181' title='bbox 1129 1389 1360 1441; x_wconf 86' lang='lat' dir='ltr'>Justiciariis</span> <span class='ocrx_word' id='word_1_182' title='bbox 1381 1389 1447 1429; x_wconf 93' lang='lat' dir='ltr'>die</span> <span class='ocrx_word' id='word_1_183' title='bbox 1468 1391 1581 1429; x_wconf 92' lang='lat' dir='ltr'>Lune</span> <span class='ocrx_word' id='word_1_184' title='bbox 1613 1389 1794 1440; x_wconf 78' lang='lat' dir='ltr'>proximo</span> 
     </span>
     <span class='ocr_line' id='line_1_19' title="bbox 202 1455 1531 1512; baseline -0.006 -11"><span class='ocrx_word' id='word_1_185' title='bbox 202 1469 292 1512; x_wconf 88' lang='lat' dir='ltr'>post</span> <span class='ocrx_word' id='word_1_186' title='bbox 313 1463 455 1500; x_wconf 89' lang='lat' dir='ltr'>festum</span> <span class='ocrx_word' id='word_1_187' title='bbox 477 1461 610 1500; x_wconf 86' lang='lat' dir='ltr'>Sancti</span> <span class='ocrx_word' id='word_1_188' title='bbox 632 1460 787 1500; x_wconf 89' lang='lat' dir='ltr'>Mathei</span> <span class='ocrx_word' id='word_1_189' title='bbox 818 1456 1021 1512; x_wconf 88' lang='lat' dir='ltr'>[apostoli]</span> <span class='ocrx_word' id='word_1_190' title='bbox 1042 1457 1093 1496; x_wconf 89' lang='lat' dir='ltr'>ad</span> <span class='ocrx_word' id='word_1_191' title='bbox 1114 1455 1436 1495; x_wconf 82' lang='lat' dir='ltr'>satisfaciendum</span> <span class='ocrx_word' id='word_1_192' title='bbox 1458 1462 1531 1494; x_wconf 88' lang='lat' dir='ltr'>etc.</span> 
     </span>
    </p>
   </div>
   <div class='ocr_carea' id='block_1_5' title="bbox 315 1541 1797 1727">
    <p class='ocr_par' dir='ltr' id='par_1_5' title="bbox 315 1541 1797 1727">
     <span class='ocr_line' id='line_1_20' title="bbox 315 1541 1797 1598; baseline -0.005 -10"><span class='ocrx_word' id='word_1_193' title='bbox 315 1549 462 1587; x_wconf 89' lang='lat' dir='ltr'>Placita</span> <span class='ocrx_word' id='word_1_194' title='bbox 481 1555 589 1587; x_wconf 86' lang='lat' dir='ltr'>tenta</span> <span class='ocrx_word' id='word_1_195' title='bbox 609 1548 716 1598; x_wconf 88' lang='lat' dir='ltr'>apud</span> <span class='ocrx_word' id='word_1_196' title='bbox 738 1547 932 1597; x_wconf 87' lang='lat' dir='ltr'>Pikeryng</span> <span class='ocrx_word' id='word_1_197' title='bbox 952 1558 1086 1584; x_wconf 89' lang='lat' dir='ltr'>coram</span> <span class='ocrx_word' id='word_1_198' title='bbox 1108 1542 1267 1594; x_wconf 83' lang='lat' dir='ltr'>prefatis</span> <span class='ocrx_word' id='word_1_199' title='bbox 1289 1542 1465 1581; x_wconf 87' lang='lat' dir='ltr'>Ricardo</span> <span class='ocrx_word' id='word_1_200' title='bbox 1495 1542 1546 1581; x_wconf 93' lang='lat' dir='ltr'>de</span> <span class='ocrx_word' id='word_1_201' title='bbox 1575 1541 1797 1591; x_wconf 86' lang='lat' dir='ltr'>Wylughby</span> 
     </span>
     <span class='ocr_line' id='line_1_21' title="bbox 419 1605 1796 1662; baseline -0.005 -11"><span class='ocrx_word' id='word_1_202' title='bbox 419 1620 458 1652; x_wconf 93' lang='lat' dir='ltr'>et</span> <span class='ocrx_word' id='word_1_203' title='bbox 476 1614 661 1662; x_wconf 90' lang='lat' dir='ltr'>Johanne</span> <span class='ocrx_word' id='word_1_204' title='bbox 682 1612 732 1650; x_wconf 92' lang='lat' dir='ltr'>de</span> <span class='ocrx_word' id='word_1_205' title='bbox 763 1612 973 1661; x_wconf 90' lang='lat' dir='ltr'>Hambury</span> <span class='ocrx_word' id='word_1_206' title='bbox 1003 1607 1235 1659; x_wconf 85' lang='lat' dir='ltr'>Justiciariis</span> <span class='ocrx_word' id='word_1_207' title='bbox 1267 1614 1340 1646; x_wconf 90' lang='lat' dir='ltr'>etc.</span> <span class='ocrx_word' id='word_1_208' title='bbox 1375 1607 1440 1646; x_wconf 92' lang='lat' dir='ltr'>die</span> <span class='ocrx_word' id='word_1_209' title='bbox 1474 1609 1588 1645; x_wconf 91' lang='lat' dir='ltr'>Lune</span> <span class='ocrx_word' id='word_1_210' title='bbox 1614 1605 1796 1656; x_wconf 83' lang='lat' dir='ltr'>proximo</span> 
     </span>
     <span class='ocr_line' id='line_1_22' title="bbox 419 1672 1578 1727; baseline -0.005 -11"><span class='ocrx_word' id='word_1_211' title='bbox 419 1684 509 1727; x_wconf 90' lang='lat' dir='ltr'>post</span> <span class='ocrx_word' id='word_1_212' title='bbox 529 1678 672 1716; x_wconf 86' lang='lat' dir='ltr'>festum</span> <span class='ocrx_word' id='word_1_213' title='bbox 693 1676 827 1716; x_wconf 85' lang='lat' dir='ltr'>Sancti</span> <span class='ocrx_word' id='word_1_214' title='bbox 850 1675 1002 1714; x_wconf 86' lang='lat' dir='ltr'>Mathei</span> <span class='ocrx_word' id='word_1_215' title='bbox 1023 1672 1191 1724; x_wconf 87' lang='lat' dir='ltr'>apostoli</span> <span class='ocrx_word' id='word_1_216' title='bbox 1212 1686 1318 1711; x_wconf 90' lang='lat' dir='ltr'>anno</span> <span class='ocrx_word' id='word_1_217' title='bbox 1339 1672 1578 1723; x_wconf 88' lang='lat' dir='ltr'>supradicto.</span> 
     </span>
    </p>
   </div>
   <div class='ocr_carea' id='block_1_6' title="bbox 205 1746 1800 2066">
    <p class='ocr_par' dir='ltr' id='par_1_6' title="bbox 205 1746 1800 2066">
     <span class='ocr_line' id='line_1_23' title="bbox 259 1746 1799 1804; baseline -0.005 -12"><span class='ocrx_word' id='word_1_218' title='bbox 259 1756 495 1804; x_wconf 88' lang='lat' dir='ltr'>Preceptum</span> <span class='ocrx_word' id='word_1_219' title='bbox 516 1760 574 1791; x_wconf 92' lang='lat' dir='ltr'>est</span> <span class='ocrx_word' id='word_1_220' title='bbox 592 1751 814 1792; x_wconf 89' lang='lat' dir='ltr'>vicecomiti</span> <span class='ocrx_word' id='word_1_221' title='bbox 833 1752 933 1790; x_wconf 90' lang='lat' dir='ltr'>sicut</span> <span class='ocrx_word' id='word_1_222' title='bbox 953 1749 1047 1789; x_wconf 88' lang='lat' dir='ltr'>alias</span> <span class='ocrx_word' id='word_1_223' title='bbox 1068 1750 1178 1799; x_wconf 90' lang='lat' dir='ltr'>quod</span> <span class='ocrx_word' id='word_1_224' title='bbox 1199 1755 1357 1798; x_wconf 89' lang='lat' dir='ltr'>caperet</span> <span class='ocrx_word' id='word_1_225' title='bbox 1379 1746 1510 1800; x_wconf 86' lang='lat' dir='ltr'>[again</span> <span class='ocrx_word' id='word_1_226' title='bbox 1526 1748 1594 1786; x_wconf 89' lang='lat' dir='ltr'>the</span> <span class='ocrx_word' id='word_1_227' title='bbox 1611 1760 1719 1786; x_wconf 90' lang='lat' dir='ltr'>same</span> <span class='ocrx_word' id='word_1_228' title='bbox 1735 1747 1799 1786; x_wconf 91' lang='lat' dir='ltr'>list</span> 
     </span>
     <span class='ocr_line' id='line_1_24' title="bbox 205 1811 1800 1870; baseline -0.005 -12"><span class='ocrx_word' id='word_1_229' title='bbox 205 1818 296 1858; x_wconf 92' lang='lat' dir='ltr'>with</span> <span class='ocrx_word' id='word_1_230' title='bbox 312 1819 379 1858; x_wconf 93' lang='lat' dir='ltr'>the</span> <span class='ocrx_word' id='word_1_231' title='bbox 398 1819 510 1857; x_wconf 90' lang='lat' dir='ltr'>usual</span> <span class='ocrx_word' id='word_1_232' title='bbox 525 1816 674 1870; x_wconf 89' lang='lat' dir='ltr'>return]</span> <span class='ocrx_word' id='word_1_233' title='bbox 693 1815 730 1869; x_wconf 90' lang='lat'>[2</span> <span class='ocrx_word' id='word_1_234' title='bbox 739 1819 760 1854; x_wconf 86' lang='grc'>8</span> <span class='ocrx_word' id='word_1_235' title='bbox 766 1815 832 1869; x_wconf 87' lang='lat' dir='ltr'>5b]</span> <span class='ocrx_word' id='word_1_236' title='bbox 849 1817 948 1855; x_wconf 93' lang='lat' dir='ltr'>Ideo</span> <span class='ocrx_word' id='word_1_237' title='bbox 965 1815 1066 1854; x_wconf 91' lang='lat' dir='ltr'>sicut</span> <span class='ocrx_word' id='word_1_238' title='bbox 1080 1813 1223 1864; x_wconf 87' lang='lat' dir='ltr'>pluries</span> <span class='ocrx_word' id='word_1_239' title='bbox 1247 1821 1480 1863; x_wconf 87' lang='lat' dir='ltr'>preceptum</span> <span class='ocrx_word' id='word_1_240' title='bbox 1502 1820 1559 1852; x_wconf 91' lang='lat' dir='ltr'>est</span> <span class='ocrx_word' id='word_1_241' title='bbox 1575 1811 1800 1852; x_wconf 90' lang='lat' dir='ltr'>vicecomiti</span> 
     </span>
     <span class='ocr_line' id='line_1_25' title="bbox 206 1878 1800 1934; baseline -0.005 -12"><span class='ocrx_word' id='word_1_242' title='bbox 206 1885 316 1934; x_wconf 89' lang='lat' dir='ltr'>quod</span> <span class='ocrx_word' id='word_1_243' title='bbox 354 1882 483 1933; x_wconf 86' lang='lat' dir='ltr'>capiat</span> <span class='ocrx_word' id='word_1_244' title='bbox 512 1896 580 1922; x_wconf 91' lang='lat' dir='ltr'>eos</span> <span class='ocrx_word' id='word_1_245' title='bbox 620 1889 706 1929; x_wconf 89' lang='lat' dir='ltr'>etc.,</span> <span class='ocrx_word' id='word_1_246' title='bbox 739 1889 777 1920; x_wconf 89' lang='lat' dir='ltr'>et</span> <span class='ocrx_word' id='word_1_247' title='bbox 807 1882 915 1920; x_wconf 89' lang='lat' dir='ltr'>salvo</span> <span class='ocrx_word' id='word_1_248' title='bbox 945 1887 1032 1927; x_wconf 90' lang='lat' dir='ltr'>etc.,</span> <span class='ocrx_word' id='word_1_249' title='bbox 1064 1879 1118 1917; x_wconf 89' lang='lat' dir='ltr'>ita</span> <span class='ocrx_word' id='word_1_250' title='bbox 1148 1878 1257 1928; x_wconf 91' lang='lat' dir='ltr'>quod</span> <span class='ocrx_word' id='word_1_251' title='bbox 1285 1878 1429 1916; x_wconf 88' lang='lat' dir='ltr'>habeat</span> <span class='ocrx_word' id='word_1_252' title='bbox 1460 1890 1627 1927; x_wconf 90' lang='lat' dir='ltr'>corpora</span> <span class='ocrx_word' id='word_1_253' title='bbox 1660 1889 1800 1916; x_wconf 87' lang='lat' dir='ltr'>eorum</span> 
     </span>
     <span class='ocr_line' id='line_1_26' title="bbox 205 1941 1800 1998; baseline -0.004 -11"><span class='ocrx_word' id='word_1_254' title='bbox 205 1948 272 1987; x_wconf 90' lang='lat' dir='ltr'>hic</span> <span class='ocrx_word' id='word_1_255' title='bbox 291 1962 424 1987; x_wconf 88' lang='lat' dir='ltr'>coram</span> <span class='ocrx_word' id='word_1_256' title='bbox 445 1946 602 1998; x_wconf 88' lang='lat' dir='ltr'>prefatis</span> <span class='ocrx_word' id='word_1_257' title='bbox 622 1945 852 1997; x_wconf 88' lang='lat' dir='ltr'>Justiciariis</span> <span class='ocrx_word' id='word_1_258' title='bbox 873 1945 937 1984; x_wconf 94' lang='lat' dir='ltr'>die</span> <span class='ocrx_word' id='word_1_259' title='bbox 959 1947 1071 1983; x_wconf 89' lang='lat' dir='ltr'>Lune</span> <span class='ocrx_word' id='word_1_260' title='bbox 1092 1942 1269 1994; x_wconf 86' lang='lat' dir='ltr'>proximo</span> <span class='ocrx_word' id='word_1_261' title='bbox 1298 1949 1390 1981; x_wconf 89' lang='lat' dir='ltr'>ante</span> <span class='ocrx_word' id='word_1_262' title='bbox 1420 1944 1563 1981; x_wconf 90' lang='lat' dir='ltr'>festum</span> <span class='ocrx_word' id='word_1_263' title='bbox 1585 1941 1800 1981; x_wconf 89' lang='lat' dir='ltr'>Dominice</span> 
     </span>
     <span class='ocr_line' id='line_1_27' title="bbox 205 2009 1296 2066; baseline -0.006 -14"><span class='ocrx_word' id='word_1_264' title='bbox 205 2013 246 2051; x_wconf 91' lang='lat' dir='ltr'>in</span> <span class='ocrx_word' id='word_1_265' title='bbox 268 2012 381 2066; x_wconf 83' lang='lat'>[286]</span> <span class='ocrx_word' id='word_1_266' title='bbox 404 2011 541 2051; x_wconf 88' lang='lat' dir='ltr'>Ramis</span> <span class='ocrx_word' id='word_1_267' title='bbox 563 2012 788 2050; x_wconf 90' lang='lat' dir='ltr'>Palmarum</span> <span class='ocrx_word' id='word_1_268' title='bbox 810 2011 860 2049; x_wconf 91' lang='lat' dir='ltr'>ad</span> <span class='ocrx_word' id='word_1_269' title='bbox 882 2009 1201 2048; x_wconf 88' lang='lat' dir='ltr'>satisfaciendum</span> <span class='ocrx_word' id='word_1_270' title='bbox 1222 2014 1296 2046; x_wconf 85' lang='lat' dir='ltr'>ete.</span> 
     </span>
    </p>
   </div>
   <div class='ocr_carea' id='block_1_7' title="bbox 205 2134 1806 2803">
    <p class='ocr_par' dir='ltr' id='par_1_7' title="bbox 205 2134 1806 2803">
     <span class='ocr_line' id='line_1_28' title="bbox 205 2134 1797 2190; baseline -0.004 -12"><span class='ocrx_word' id='word_1_271' title='bbox 205 2141 314 2190; x_wconf 86' lang='lat' dir='ltr'>pleas</span> <span class='ocrx_word' id='word_1_272' title='bbox 326 2140 406 2178; x_wconf 91' lang='lat' dir='ltr'>and</span> <span class='ocrx_word' id='word_1_273' title='bbox 420 2136 679 2187; x_wconf 84' lang='lat' dir='ltr'>proceedings</span> <span class='ocrx_word' id='word_1_274' title='bbox 696 2135 820 2185; x_wconf 87' lang='lat' dir='ltr'>might</span> <span class='ocrx_word' id='word_1_275' title='bbox 835 2136 885 2174; x_wconf 93' lang='lat' dir='ltr'>be</span> <span class='ocrx_word' id='word_1_276' title='bbox 900 2135 941 2172; x_wconf 92' lang='lat' dir='ltr'>in</span> <span class='ocrx_word' id='word_1_277' title='bbox 957 2136 1023 2173; x_wconf 92' lang='lat' dir='ltr'>the</span> <span class='ocrx_word' id='word_1_278' title='bbox 1037 2147 1144 2172; x_wconf 88' lang='lat' dir='ltr'>same</span> <span class='ocrx_word' id='word_1_279' title='bbox 1160 2134 1367 2172; x_wconf 90' lang='lat' dir='ltr'>condition</span> <span class='ocrx_word' id='word_1_280' title='bbox 1381 2147 1423 2172; x_wconf 90' lang='lat' dir='ltr'>as</span> <span class='ocrx_word' id='word_1_281' title='bbox 1439 2135 1532 2184; x_wconf 89' lang='lat' dir='ltr'>they</span> <span class='ocrx_word' id='word_1_282' title='bbox 1547 2147 1644 2173; x_wconf 91' lang='lat' dir='ltr'>were</span> <span class='ocrx_word' id='word_1_283' title='bbox 1661 2147 1713 2172; x_wconf 92' lang='lat' dir='ltr'>on</span> <span class='ocrx_word' id='word_1_284' title='bbox 1729 2135 1797 2172; x_wconf 88' lang='lat' dir='ltr'>the</span> 
     </span>
     <span class='ocr_line' id='line_1_29' title="bbox 205 2198 1799 2253; baseline -0.005 -9"><span class='ocrx_word' id='word_1_285' title='bbox 205 2205 468 2253; x_wconf 88' lang='lat' dir='ltr'>Wednesday,</span> <span class='ocrx_word' id='word_1_286' title='bbox 494 2216 539 2240; x_wconf 91' lang='lat'>22</span> <span class='ocrx_word' id='word_1_287' title='bbox 574 2203 680 2252; x_wconf 91' lang='lat' dir='ltr'>May,</span> <span class='ocrx_word' id='word_1_288' title='bbox 707 2202 819 2250; x_wconf 85' lang='lat'>1336,</span> <span class='ocrx_word' id='word_1_289' title='bbox 843 2201 923 2239; x_wconf 90' lang='lat' dir='ltr'>and</span> <span class='ocrx_word' id='word_1_290' title='bbox 942 2200 1086 2238; x_wconf 88' lang='lat' dir='ltr'>abated</span> <span class='ocrx_word' id='word_1_291' title='bbox 1115 2198 1156 2237; x_wconf 92' lang='lat' dir='ltr'>in</span> <span class='ocrx_word' id='word_1_292' title='bbox 1176 2211 1453 2248; x_wconf 88' lang='lat' dir='ltr'>consequence</span> <span class='ocrx_word' id='word_1_293' title='bbox 1474 2200 1520 2237; x_wconf 90' lang='lat' dir='ltr'>of</span> <span class='ocrx_word' id='word_1_294' title='bbox 1540 2199 1607 2237; x_wconf 88' lang='lat' dir='ltr'>the</span> <span class='ocrx_word' id='word_1_295' title='bbox 1628 2199 1799 2237; x_wconf 90' lang='lat' dir='ltr'>absence</span> 
     </span>
     <span class='ocr_line' id='line_1_30' title="bbox 207 2262 1804 2317; baseline -0.004 -10"><span class='ocrx_word' id='word_1_296' title='bbox 207 2271 252 2308; x_wconf 87' lang='lat' dir='ltr'>of</span> <span class='ocrx_word' id='word_1_297' title='bbox 266 2269 332 2308; x_wconf 89' lang='lat' dir='ltr'>the</span> <span class='ocrx_word' id='word_1_298' title='bbox 352 2266 534 2317; x_wconf 82' lang='lat' dir='ltr'>Justices.</span> <span class='ocrx_word' id='word_1_299' title='bbox 592 2266 706 2315; x_wconf 91' lang='lat' dir='ltr'>They</span> <span class='ocrx_word' id='word_1_300' title='bbox 727 2266 780 2304; x_wconf 92' lang='lat' dir='ltr'>do</span> <span class='ocrx_word' id='word_1_301' title='bbox 801 2271 870 2303; x_wconf 91' lang='lat' dir='ltr'>not</span> <span class='ocrx_word' id='word_1_302' title='bbox 890 2277 1047 2314; x_wconf 88' lang='lat' dir='ltr'>appear,</span> <span class='ocrx_word' id='word_1_303' title='bbox 1069 2263 1150 2302; x_wconf 89' lang='lat' dir='ltr'>and</span> <span class='ocrx_word' id='word_1_304' title='bbox 1169 2263 1237 2302; x_wconf 90' lang='lat' dir='ltr'>the</span> <span class='ocrx_word' id='word_1_305' title='bbox 1265 2262 1411 2302; x_wconf 85' lang='lat' dir='ltr'>Sheriff</span> <span class='ocrx_word' id='word_1_306' title='bbox 1433 2270 1584 2301; x_wconf 88' lang='lat' dir='ltr'>returns</span> <span class='ocrx_word' id='word_1_307' title='bbox 1606 2263 1690 2301; x_wconf 85' lang='lat' dir='ltr'>that</span> <span class='ocrx_word' id='word_1_308' title='bbox 1710 2263 1804 2312; x_wconf 89' lang='lat' dir='ltr'>they</span> 
     </span>
     <span class='ocr_line' id='line_1_31' title="bbox 209 2327 1804 2379; baseline -0.005 -7"><span class='ocrx_word' id='word_1_309' title='bbox 209 2347 273 2373; x_wconf 90' lang='lat' dir='ltr'>are</span> <span class='ocrx_word' id='word_1_310' title='bbox 293 2340 363 2372; x_wconf 89' lang='lat' dir='ltr'>not</span> <span class='ocrx_word' id='word_1_311' title='bbox 383 2333 508 2371; x_wconf 86' lang='lat' dir='ltr'>found</span> <span class='ocrx_word' id='word_1_312' title='bbox 528 2331 608 2370; x_wconf 88' lang='lat' dir='ltr'>and</span> <span class='ocrx_word' id='word_1_313' title='bbox 627 2331 727 2369; x_wconf 90' lang='lat' dir='ltr'>have</span> <span class='ocrx_word' id='word_1_314' title='bbox 745 2328 912 2379; x_wconf 87' lang='lat' dir='ltr'>nothing</span> <span class='ocrx_word' id='word_1_315' title='bbox 931 2329 972 2367; x_wconf 93' lang='lat' dir='ltr'>in</span> <span class='ocrx_word' id='word_1_316' title='bbox 992 2328 1051 2367; x_wconf 90' lang='lat' dir='ltr'>his</span> <span class='ocrx_word' id='word_1_317' title='bbox 1072 2327 1264 2367; x_wconf 89' lang='lat' dir='ltr'>bailiwick</span> <span class='ocrx_word' id='word_1_318' title='bbox 1292 2328 1344 2377; x_wconf 91' lang='lat' dir='ltr'>by</span> <span class='ocrx_word' id='word_1_319' title='bbox 1373 2327 1499 2366; x_wconf 87' lang='lat' dir='ltr'>which</span> <span class='ocrx_word' id='word_1_320' title='bbox 1529 2327 1620 2376; x_wconf 92' lang='lat' dir='ltr'>they</span> <span class='ocrx_word' id='word_1_321' title='bbox 1649 2339 1722 2365; x_wconf 91' lang='lat' dir='ltr'>can</span> <span class='ocrx_word' id='word_1_322' title='bbox 1753 2327 1804 2365; x_wconf 93' lang='lat' dir='ltr'>be</span> 
     </span>
     <span class='ocr_line' id='line_1_32' title="bbox 207 2391 1803 2447; baseline -0.006 -9"><span class='ocrx_word' id='word_1_323' title='bbox 207 2399 401 2438; x_wconf 79' lang='lat' dir='ltr'>attached.</span> <span class='ocrx_word' id='word_1_324' title='bbox 463 2399 531 2435; x_wconf 92' lang='lat' dir='ltr'>He</span> <span class='ocrx_word' id='word_1_325' title='bbox 551 2395 583 2434; x_wconf 89' lang='lat' dir='ltr'>is</span> <span class='ocrx_word' id='word_1_326' title='bbox 603 2396 771 2435; x_wconf 91' lang='lat' dir='ltr'>ordered</span> <span class='ocrx_word' id='word_1_327' title='bbox 791 2402 832 2434; x_wconf 91' lang='lat' dir='ltr'>to</span> <span class='ocrx_word' id='word_1_328' title='bbox 853 2393 953 2434; x_wconf 88' lang='lat' dir='ltr'>seize</span> <span class='ocrx_word' id='word_1_329' title='bbox 973 2394 1083 2432; x_wconf 90' lang='lat' dir='ltr'>them</span> <span class='ocrx_word' id='word_1_330' title='bbox 1104 2393 1184 2432; x_wconf 89' lang='lat' dir='ltr'>and</span> <span class='ocrx_word' id='word_1_331' title='bbox 1203 2392 1380 2443; x_wconf 88' lang='lat' dir='ltr'>produce</span> <span class='ocrx_word' id='word_1_332' title='bbox 1400 2392 1508 2430; x_wconf 89' lang='lat' dir='ltr'>thern</span> <span class='ocrx_word' id='word_1_333' title='bbox 1529 2404 1582 2430; x_wconf 93' lang='lat' dir='ltr'>on</span> <span class='ocrx_word' id='word_1_334' title='bbox 1610 2391 1803 2447; x_wconf 71' lang='lat' dir='ltr'>Monday,</span> 
     </span>
     <span class='ocr_line' id='line_1_33' title="bbox 212 2463 576 2513; baseline -0.003 -12"><span class='ocrx_word' id='word_1_335' title='bbox 212 2475 257 2513; x_wconf 90' lang='lat'>17</span> <span class='ocrx_word' id='word_1_336' title='bbox 282 2463 435 2510; x_wconf 87' lang='lat' dir='ltr'>March,</span> <span class='ocrx_word' id='word_1_337' title='bbox 462 2472 576 2511; x_wconf 89' lang='grc'>1337.</span> 
     </span>
     <span class='ocr_line' id='line_1_34' title="bbox 317 2543 1806 2595; baseline -0.003 -9"><span class='ocrx_word' id='word_1_338' title='bbox 317 2549 432 2587; x_wconf 90' lang='lat' dir='ltr'>Pleas</span> <span class='ocrx_word' id='word_1_339' title='bbox 473 2547 568 2586; x_wconf 91' lang='lat' dir='ltr'>held</span> <span class='ocrx_word' id='word_1_340' title='bbox 613 2552 651 2584; x_wconf 88' lang='lat' dir='ltr'>at</span> <span class='ocrx_word' id='word_1_341' title='bbox 681 2543 889 2595; x_wconf 87' lang='lat' dir='ltr'>Pickering</span> <span class='ocrx_word' id='word_1_342' title='bbox 918 2557 970 2583; x_wconf 91' lang='lat' dir='ltr'>on</span> <span class='ocrx_word' id='word_1_343' title='bbox 1001 2545 1191 2594; x_wconf 85' lang='lat' dir='ltr'>Monday,</span> <span class='ocrx_word' id='word_1_344' title='bbox 1228 2555 1274 2593; x_wconf 93' lang='lat'>17</span> <span class='ocrx_word' id='word_1_345' title='bbox 1323 2543 1479 2592; x_wconf 85' lang='lat' dir='ltr'>March,</span> <span class='ocrx_word' id='word_1_346' title='bbox 1513 2554 1624 2592; x_wconf 84' lang='lat'>1337,</span> <span class='ocrx_word' id='word_1_347' title='bbox 1671 2543 1806 2582; x_wconf 92' lang='lat' dir='ltr'>before</span> 
     </span>
     <span class='ocr_line' id='line_1_35' title="bbox 426 2609 1487 2660; baseline -0.003 -11"><span class='ocrx_word' id='word_1_348' title='bbox 426 2610 603 2650; x_wconf 89' lang='lat' dir='ltr'>Richard</span> <span class='ocrx_word' id='word_1_349' title='bbox 623 2611 674 2649; x_wconf 91' lang='lat' dir='ltr'>de</span> <span class='ocrx_word' id='word_1_350' title='bbox 692 2609 944 2660; x_wconf 90' lang='lat' dir='ltr'>Willoughby</span> <span class='ocrx_word' id='word_1_351' title='bbox 967 2609 1048 2647; x_wconf 85' lang='lat' dir='ltr'>ancl</span> <span class='ocrx_word' id='word_1_352' title='bbox 1067 2609 1176 2658; x_wconf 91' lang='lat' dir='ltr'>John</span> <span class='ocrx_word' id='word_1_353' title='bbox 1196 2609 1247 2647; x_wconf 95' lang='lat' dir='ltr'>de</span> <span class='ocrx_word' id='word_1_354' title='bbox 1269 2609 1487 2657; x_wconf 85' lang='lat' dir='ltr'>Hambury.</span> 
     </span>
     <span class='ocr_line' id='line_1_36' title="bbox 264 2682 1805 2736; baseline -0.005 -8"><span class='ocrx_word' id='word_1_355' title='bbox 264 2692 302 2728; x_wconf 91' lang='lat' dir='ltr'>A</span> <span class='ocrx_word' id='word_1_356' title='bbox 321 2688 471 2728; x_wconf 88' lang='lat' dir='ltr'>second</span> <span class='ocrx_word' id='word_1_357' title='bbox 490 2687 605 2726; x_wconf 91' lang='lat' dir='ltr'>order</span> <span class='ocrx_word' id='word_1_358' title='bbox 624 2698 700 2725; x_wconf 87' lang='lat' dir='ltr'>was</span> <span class='ocrx_word' id='word_1_359' title='bbox 720 2685 835 2736; x_wconf 89' lang='lat' dir='ltr'>given</span> <span class='ocrx_word' id='word_1_360' title='bbox 856 2692 897 2724; x_wconf 94' lang='lat' dir='ltr'>to</span> <span class='ocrx_word' id='word_1_361' title='bbox 917 2685 984 2724; x_wconf 91' lang='lat' dir='ltr'>the</span> <span class='ocrx_word' id='word_1_362' title='bbox 1012 2683 1158 2723; x_wconf 89' lang='lat' dir='ltr'>Sheriff</span> <span class='ocrx_word' id='word_1_363' title='bbox 1172 2690 1213 2722; x_wconf 90' lang='lat' dir='ltr'>to</span> <span class='ocrx_word' id='word_1_364' title='bbox 1235 2683 1335 2722; x_wconf 89' lang='lat' dir='ltr'>seize</span> <span class='ocrx_word' id='word_1_365' title='bbox 1363 2683 1432 2722; x_wconf 92' lang='lat' dir='ltr'>the</span> <span class='ocrx_word' id='word_1_366' title='bbox 1465 2695 1574 2722; x_wconf 88' lang='lat' dir='ltr'>same</span> <span class='ocrx_word' id='word_1_367' title='bbox 1609 2682 1805 2721; x_wconf 88' lang='lat' dir='ltr'>offenders</span> 
     </span>
     <span class='ocr_line' id='line_1_37' title="bbox 212 2749 1373 2803; baseline -0.007 -9"><span class='ocrx_word' id='word_1_368' title='bbox 212 2755 292 2794; x_wconf 90' lang='lat' dir='ltr'>and</span> <span class='ocrx_word' id='word_1_369' title='bbox 312 2754 486 2803; x_wconf 88' lang='lat' dir='ltr'>produce</span> <span class='ocrx_word' id='word_1_370' title='bbox 505 2753 614 2791; x_wconf 90' lang='lat' dir='ltr'>them</span> <span class='ocrx_word' id='word_1_371' title='bbox 635 2764 688 2790; x_wconf 91' lang='lat' dir='ltr'>on</span> <span class='ocrx_word' id='word_1_372' title='bbox 710 2751 900 2800; x_wconf 89' lang='lat' dir='ltr'>Monday,</span> <span class='ocrx_word' id='word_1_373' title='bbox 926 2763 972 2787; x_wconf 88' lang='lat'>22</span> <span class='ocrx_word' id='word_1_374' title='bbox 995 2749 1237 2799; x_wconf 89' lang='lat' dir='ltr'>September,</span> <span class='ocrx_word' id='word_1_375' title='bbox 1260 2759 1373 2798; x_wconf 83' lang='lat'><strong>1337.</strong></span> 
     </span>
    </p>
   </div>
   <div class='ocr_carea' id='block_1_8' title="bbox 322 2833 1806 2951">
    <p class='ocr_par' dir='ltr' id='par_1_8' title="bbox 322 2833 1806 2951">
     <span class='ocr_line' id='line_1_38' title="bbox 322 2833 1806 2886; baseline -0.003 -8"><span class='ocrx_word' id='word_1_376' title='bbox 322 2840 436 2878; x_wconf 89' lang='lat' dir='ltr'>Pleas</span> <span class='ocrx_word' id='word_1_377' title='bbox 464 2839 559 2877; x_wconf 90' lang='lat' dir='ltr'>held</span> <span class='ocrx_word' id='word_1_378' title='bbox 587 2844 626 2876; x_wconf 89' lang='lat' dir='ltr'>at</span> <span class='ocrx_word' id='word_1_379' title='bbox 655 2836 865 2886; x_wconf 86' lang='lat' dir='ltr'>Pickering</span> <span class='ocrx_word' id='word_1_380' title='bbox 893 2849 945 2875; x_wconf 93' lang='lat' dir='ltr'>on</span> <span class='ocrx_word' id='word_1_381' title='bbox 967 2836 1158 2886; x_wconf 90' lang='lat' dir='ltr'>Monday,</span> <span class='ocrx_word' id='word_1_382' title='bbox 1185 2849 1230 2873; x_wconf 89' lang='lat'>22</span> <span class='ocrx_word' id='word_1_383' title='bbox 1263 2835 1508 2885; x_wconf 84' lang='lat' dir='ltr'>September,</span> <span class='ocrx_word' id='word_1_384' title='bbox 1535 2844 1647 2884; x_wconf 84' lang='grc'>1337,</span> <span class='ocrx_word' id='word_1_385' title='bbox 1671 2833 1806 2873; x_wconf 90' lang='lat' dir='ltr'>before</span> 
     </span>
     <span class='ocr_line' id='line_1_39' title="bbox 430 2900 1490 2951; baseline -0.004 -11"><span class='ocrx_word' id='word_1_386' title='bbox 430 2902 605 2941; x_wconf 87' lang='lat' dir='ltr'>Richard</span> <span class='ocrx_word' id='word_1_387' title='bbox 625 2902 676 2940; x_wconf 92' lang='lat' dir='ltr'>de</span> <span class='ocrx_word' id='word_1_388' title='bbox 698 2901 947 2951; x_wconf 86' lang='lat' dir='ltr'>Willoughby</span> <span class='ocrx_word' id='word_1_389' title='bbox 966 2902 1046 2940; x_wconf 89' lang='lat' dir='ltr'>and</span> <span class='ocrx_word' id='word_1_390' title='bbox 1066 2901 1174 2950; x_wconf 90' lang='lat' dir='ltr'>John</span> <span class='ocrx_word' id='word_1_391' title='bbox 1193 2901 1244 2940; x_wconf 91' lang='lat' dir='ltr'>de</span> <span class='ocrx_word' id='word_1_392' title='bbox 1270 2900 1490 2949; x_wconf 87' lang='lat' dir='ltr'>Hambury.</span> 
     </span>
    </p>
   </div>
   <div class='ocr_carea' id='block_1_9' title="bbox 216 2974 1806 3095">
    <p class='ocr_par' dir='ltr' id='par_1_9' title="bbox 216 2974 1806 3095">
     <span class='ocr_line' id='line_1_40' title="bbox 268 2974 1806 3027; baseline -0.004 -8"><span class='ocrx_word' id='word_1_393' title='bbox 268 2982 306 3019; x_wconf 95' lang='lat' dir='ltr'>A</span> <span class='ocrx_word' id='word_1_394' title='bbox 325 2979 429 3018; x_wconf 90' lang='lat' dir='ltr'>third</span> <span class='ocrx_word' id='word_1_395' title='bbox 451 2978 566 3016; x_wconf 91' lang='lat' dir='ltr'>order</span> <span class='ocrx_word' id='word_1_396' title='bbox 585 2989 660 3016; x_wconf 84' lang='lat' dir='ltr'>was</span> <span class='ocrx_word' id='word_1_397' title='bbox 680 2976 797 3027; x_wconf 86' lang='lat' dir='ltr'>given</span> <span class='ocrx_word' id='word_1_398' title='bbox 816 2983 858 3016; x_wconf 87' lang='lat' dir='ltr'>to</span> <span class='ocrx_word' id='word_1_399' title='bbox 886 2977 954 3016; x_wconf 88' lang='lat' dir='ltr'>the</span> <span class='ocrx_word' id='word_1_400' title='bbox 984 2976 1130 3016; x_wconf 86' lang='lat' dir='ltr'>Sheriff</span> <span class='ocrx_word' id='word_1_401' title='bbox 1153 2982 1194 3015; x_wconf 92' lang='lat' dir='ltr'>to</span> <span class='ocrx_word' id='word_1_402' title='bbox 1228 2975 1331 3015; x_wconf 86' lang='lat' dir='ltr'>seize</span> <span class='ocrx_word' id='word_1_403' title='bbox 1364 2975 1432 3014; x_wconf 91' lang='lat' dir='ltr'>the</span> <span class='ocrx_word' id='word_1_404' title='bbox 1465 2986 1573 3014; x_wconf 85' lang='lat' dir='ltr'>same</span> <span class='ocrx_word' id='word_1_405' title='bbox 1608 2974 1806 3014; x_wconf 88' lang='lat' dir='ltr'>offenders</span> 
     </span>
     <span class='ocr_line' id='line_1_41' title="bbox 216 3041 1292 3095; baseline -0.007 -10"><span class='ocrx_word' id='word_1_406' title='bbox 216 3045 296 3085; x_wconf 90' lang='lat' dir='ltr'>and</span> <span class='ocrx_word' id='word_1_407' title='bbox 316 3044 491 3095; x_wconf 87' lang='lat' dir='ltr'>produce</span> <span class='ocrx_word' id='word_1_408' title='bbox 511 3042 619 3081; x_wconf 89' lang='lat' dir='ltr'>thern</span> <span class='ocrx_word' id='word_1_409' title='bbox 641 3054 693 3080; x_wconf 91' lang='lat' dir='ltr'>on</span> <span class='ocrx_word' id='word_1_410' title='bbox 715 3042 905 3092; x_wconf 89' lang='lat' dir='ltr'>Monday,</span> <span class='ocrx_word' id='word_1_411' title='bbox 928 3055 974 3091; x_wconf 84' lang='lat'>31</span> <span class='ocrx_word' id='word_1_412' title='bbox 1001 3041 1153 3089; x_wconf 89' lang='lat' dir='ltr'>March,</span> <span class='ocrx_word' id='word_1_413' title='bbox 1180 3041 1292 3089; x_wconf 84' lang='lat'>1338.</span> 
     </span>
    </p>
   </div>
  </div>
 </body>
</html>
