2044 3491
228 226 282 266 88
594 233 766 266 DUCHY
798 232 859 265 OF
892 231 1183 264 LANCASTER
1214 228 1447 264 RECORDS.

284 332 336 369 Et
364 329 540 369 similiter
559 330 693 379 quoad
722 328 908 368 clamium
939 327 1112 367 habendi
1142 327 1342 378 escapium
1373 327 1480 366 Haie
1514 327 1565 366 de
1598 326 1818 378 Blandeby,

226 394 431 442 retallium,
454 394 641 433 corticem
662 401 700 433 et
719 406 963 444 cooperones
984 393 1034 431 de
1055 394 1278 442 quercubus
1308 392 1432 442 captis
1465 393 1517 431 ad
1542 404 1642 442 opus
1663 391 1818 430 domini

229 459 521 498 consideratum
550 466 608 497 est
636 459 746 508 quod
776 458 883 496 idem
913 457 1131 495 Willelmus
1160 456 1281 495 nichil
1311 456 1440 506 capiat
1460 456 1501 494 in
1521 457 1595 494 hac
1615 463 1735 505 parte,
1759 461 1818 492 set

233 524 282 562 sit
301 523 341 561 in
362 522 628 561 misericordia
648 535 719 572 pro
752 523 852 560 falso
872 521 1015 560 clamio
1044 534 1126 559 suo.
1187 522 1238 559 Et
1269 521 1403 571 quoad
1432 520 1616 559 clamium
1646 518 1820 558 habendi

230 588 432 638 escapium
455 588 592 626 Lande
621 587 661 625 in
691 588 821 636 Dalby
841 585 991 625 dictum
1020 593 1079 624 est
1108 585 1238 624 eidem
1269 586 1466 624 Willelmo
1496 586 1606 635 quod
1635 591 1817 634 expectet

231 651 324 691 inde
341 651 535 702 judicium
555 665 669 690 suum
690 650 755 689 hic
775 650 954 700 predicto
983 650 1048 689 die
1077 652 1190 689 Lune
1218 650 1396 700 proximo
1418 658 1506 700 post
1528 652 1672 688 festum
1693 647 1818 687 sancti

230 717 409 767 Gregorii
456 724 528 756 etc.
588 718 639 755 Et
686 728 801 765 super
847 716 925 754 hoc
972 715 1148 765 predicta
1196 715 1408 754 Petronilla
1454 714 1567 765 ponit
1614 716 1704 753 loco
1742 726 1815 751 suo

231 782 491 819 Edmundum
511 781 561 819 de
583 782 808 830 Hastynges
829 786 910 818 tam
930 779 970 817 in
990 780 1149 829 loquela
1177 779 1354 829 predicta
1375 793 1494 829 quam
1514 780 1566 817 ad
1586 778 1814 816 faciendum

229 858 276 884 ea
304 858 382 895 que
411 844 541 883 officio
569 844 758 883 forestarii
786 844 981 894 pertinent
1010 845 1177 882 durante
1205 843 1344 883 itinere
1372 844 1447 882 isto
1478 852 1549 882 etc.
1609 843 1675 881 Ad
1696 854 1815 892 quem

233 909 337 948 diem
360 910 466 959 apud
488 908 683 958 Pikeryng
710 921 843 947 coram
873 908 1030 957 prefatis
1060 908 1234 947 Ricardo
1255 909 1306 947 de
1334 909 1555 958 Wylughby
1575 915 1613 947 et
1634 908 1817 957 Johanne

230 974 282 1013 de
303 974 511 1023 Hambury
528 972 751 1022 justiciariis
772 979 963 1011 venerunt
983 980 1063 1011 tam
1083 972 1282 1022 predictus
1303 973 1520 1011 Willelmus
1541 974 1592 1011 de
1613 974 1756 1021 Persay
1776 970 1817 1008 in

230 1038 386 1088 propria
419 1050 588 1087 persona
619 1050 690 1075 sua
720 1050 840 1086 quarn
875 1036 1051 1086 predicta
1083 1037 1295 1075 Petronilla
1328 1051 1397 1087 per
1429 1045 1669 1076 attornatum
1700 1049 1815 1074 suum

228 1102 463 1153 predictum,
486 1108 524 1140 et
544 1102 660 1140 datus
690 1108 749 1140 est
779 1101 833 1139 eis
863 1102 948 1139 dies
977 1101 1041 1139 hic
1070 1101 1136 1140 die
1166 1103 1279 1140 Lune
1309 1102 1487 1151 proximo
1517 1109 1605 1152 post
1634 1113 1813 1139 mensem

231 1168 381 1205 Pasche
401 1167 452 1204 ad
471 1165 716 1204 audiendum
746 1165 840 1204 inde
866 1165 1061 1215 judicium
1089 1179 1203 1204 suum
1224 1174 1296 1205 etc.
1355 1167 1421 1205 Ad
1441 1179 1561 1216 quem
1582 1165 1688 1205 diem
1707 1166 1816 1214 apud

228 1233 422 1282 Pikeryng
441 1245 574 1270 coram
595 1230 752 1280 prefatis
773 1230 948 1269 Ricardo
969 1232 1019 1269 de
1040 1231 1260 1281 Wylughby
1276 1238 1315 1269 et
1335 1232 1517 1281 Johanne
1539 1232 1589 1269 de
1605 1232 1815 1279 Hambury

226 1296 456 1347 Justiciariis
490 1302 681 1334 venerunt
718 1301 799 1333 tam
838 1295 1037 1344 predictus
1071 1297 1288 1335 Willelmus
1319 1296 1369 1334 de
1409 1297 1552 1345 Persay
1585 1295 1626 1333 in
1659 1294 1816 1344 propria

226 1374 395 1411 persona
415 1373 484 1398 sua
504 1373 623 1410 quam
644 1358 820 1409 predicta
847 1360 1060 1398 Petronilla
1088 1373 1157 1410 per
1185 1367 1423 1398 attornatum
1445 1373 1559 1398 suum
1580 1359 1813 1410 predictum,

226 1433 265 1465 et
303 1438 419 1475 super
456 1425 533 1463 hoc
570 1425 684 1462 datus
720 1431 778 1462 est
812 1423 868 1462 eis
902 1423 987 1463 dies
1022 1423 1086 1462 hic
1120 1424 1185 1463 die
1215 1425 1354 1463 Martis
1392 1424 1572 1473 proximo
1611 1431 1700 1474 post
1737 1431 1814 1463 tres

226 1490 463 1540 septimanas
484 1487 617 1528 Sancti
638 1488 846 1527 Michaelis
867 1489 917 1527 de
936 1488 1137 1528 audiendo
1158 1488 1299 1541 [293b]
1320 1488 1413 1528 inde
1431 1488 1625 1539 judicium
1646 1502 1770 1527 suum.

279 1556 346 1593 Ad
365 1566 483 1604 quem
504 1552 609 1591 diem
630 1553 738 1602 apud
759 1552 953 1603 Pikeryng
973 1566 1105 1591 coram
1126 1554 1284 1603 prefatis
1304 1554 1479 1592 Ricardo
1513 1554 1564 1592 de
1593 1554 1814 1603 Wylughby

226 1626 265 1658 et
284 1619 466 1668 Johanne
487 1618 537 1656 de
558 1618 808 1656 Shardelowe
827 1625 1019 1656 venerunt
1039 1625 1119 1656 tam
1142 1619 1339 1668 predictus
1360 1618 1577 1657 Willelmus
1598 1619 1648 1656 de
1670 1620 1814 1667 Persay

225 1683 266 1721 in
286 1681 441 1733 propria
461 1694 629 1731 persona
648 1692 718 1719 sua
739 1693 859 1730 quarn
879 1680 1058 1731 predicta
1079 1682 1292 1721 Petronilla
1322 1696 1390 1733 per
1424 1690 1664 1722 attornatum
1699 1696 1813 1721 suurn

224 1746 444 1797 predictum
466 1753 503 1784 et
524 1758 640 1795 super
660 1746 737 1783 hoc
757 1746 872 1784 datus
893 1753 951 1785 est
980 1745 1036 1785 eis
1066 1746 1150 1786 dies
1180 1747 1245 1786 hic
1275 1748 1339 1787 die
1373 1747 1482 1798 Jovis
1517 1748 1695 1798 proximo
1724 1755 1813 1798 post

225 1812 399 1851 Octabas
438 1808 734 1848 Purificacionis
777 1811 891 1849 beate
931 1810 1057 1850 Marie
1100 1812 1151 1851 de
1177 1812 1329 1861 judicio
1365 1825 1438 1850 suo
1485 1811 1579 1850 inde
1612 1811 1814 1850 audiendo

224 1883 297 1915 etc.
347 1876 412 1914 Ad
433 1887 551 1925 quem
566 1874 672 1913 diem
687 1875 794 1924 apud
812 1874 1006 1925 Pikeryng
1019 1888 1152 1914 coram
1168 1878 1320 1926 prefato
1337 1877 1520 1926 Johanne
1536 1876 1588 1914 de
1605 1877 1814 1924 Hambury

226 1940 333 1979 venit
355 1940 547 1978 Ricardus
568 1940 618 1977 de
638 1940 675 1977 la
696 1939 792 1977 Pole
822 1937 951 1991 [Here
971 1940 1120 1978 follows
1140 1941 1207 1979 the
1222 1941 1497 1990 appointment
1511 1942 1556 1979 of
1571 1940 1747 1978 Richard
1764 1941 1814 1978 de

225 2006 264 2043 la
280 2006 376 2043 Pole
397 2017 438 2042 as
458 2017 482 2042 a
500 2003 652 2054 Justice
672 2002 712 2040 in
732 2003 799 2041 the
819 2016 927 2041 same
942 2005 1070 2042 words
1090 2017 1132 2043 as
1153 2012 1191 2043 at
1211 2018 1311 2055 page
1333 2016 1394 2054 71,
1409 2006 1476 2044 the
1497 2017 1605 2043 same
1625 2004 1815 2044 omission

223 2067 338 2118 again
368 2065 588 2118 occurring]
612 2065 724 2118 [294]
747 2073 784 2105 et
804 2073 885 2105 tam
906 2067 1105 2116 predictus
1126 2069 1341 2108 Willelmus
1363 2070 1413 2108 de
1435 2072 1577 2120 Persay
1598 2069 1638 2107 in
1658 2068 1815 2119 propria

222 2145 390 2182 persona
410 2145 479 2170 sua
503 2145 621 2181 quam
642 2131 818 2181 predicta
840 2131 1054 2170 Petronilla
1083 2146 1152 2182 per
1180 2141 1421 2173 attornatum
1442 2147 1558 2172 suum
1588 2133 1810 2184 predictum

221 2203 424 2244 venerunt,
446 2203 484 2235 et
504 2197 619 2234 datus
640 2202 698 2235 est
719 2195 773 2235 eis
794 2196 878 2235 dies
898 2197 963 2234 hic
983 2204 1056 2235 etc.
1079 2197 1144 2236 die
1165 2199 1351 2236 Mercurii
1372 2198 1551 2248 proximo
1564 2205 1654 2248 post
1668 2199 1809 2237 festum

280 2323 471 2362 Likewise
491 2322 550 2361 his
571 2323 686 2361 claim
707 2325 752 2361 of
774 2323 918 2374 having
938 2337 1099 2374 escapes
1120 2325 1160 2363 in
1175 2326 1347 2375 Blansby
1367 2327 1481 2374 Park,
1499 2327 1578 2365 and
1599 2327 1666 2365 the
1687 2325 1811 2376 chips,

226 2389 321 2428 bark
341 2389 420 2427 and
440 2395 527 2437 tops
548 2388 594 2426 of
617 2388 711 2426 oaks
732 2388 851 2427 taken
871 2389 930 2427 for
950 2389 1017 2428 the
1047 2390 1169 2428 Earl's
1199 2403 1268 2428 use
1288 2390 1319 2428 is
1340 2390 1580 2438 disallowed‚
1603 2391 1681 2429 and
1698 2391 1811 2440 judg-

228 2459 338 2491 ment
368 2466 410 2491 as
442 2460 482 2491 to
516 2453 583 2490 the
612 2451 727 2490 claim
756 2453 802 2490 of
825 2453 970 2503 having
996 2466 1155 2504 escapes
1184 2453 1225 2493 in
1257 2455 1386 2505 Dalby
1415 2456 1557 2494 Laund
1577 2455 1608 2494 is
1629 2456 1809 2494 deferred

229 2517 327 2556 until
348 2517 536 2566 Monday,
565 2530 610 2566 13
633 2518 784 2565 March,
812 2529 923 2568 1335.

284 2584 493 2620 Moreover
514 2582 667 2620 Parnell
695 2582 879 2631 appoints
910 2583 1100 2622 Edmund
1129 2584 1180 2622 de
1214 2584 1405 2634 Hastings
1421 2583 1462 2622 in
1496 2585 1566 2623 her
1594 2585 1719 2634 place,
1741 2592 1812 2624 not

230 2647 321 2696 only
358 2646 399 2683 in
431 2646 507 2684 this
538 2658 654 2684 cause
687 2659 729 2684 as
758 2648 840 2685 also
870 2653 911 2685 to
941 2647 994 2685 do
1014 2648 1064 2685 all
1093 2648 1177 2686 that
1209 2648 1431 2698 appertains
1461 2655 1502 2687 to
1531 2649 1599 2687 the
1628 2649 1742 2686 office
1772 2649 1818 2687 of

230 2712 392 2749 forester
412 2710 553 2760 during
572 2711 639 2748 the
660 2711 770 2760 Eyre.
832 2712 898 2750 On
931 2712 998 2749 the
1029 2712 1219 2762 Monday,
1247 2724 1291 2760 13
1324 2713 1477 2759 March,
1504 2724 1618 2762 1335,
1641 2712 1811 2751 William

230 2775 281 2814 de
302 2775 512 2823 Percehay,
532 2774 573 2812 in
593 2787 746 2824 person,
769 2776 848 2813 and
878 2776 1044 2823 Parnell,
1067 2776 1117 2825 by
1137 2776 1206 2814 her
1238 2782 1427 2825 attorney,
1449 2777 1647 2825 appeared
1676 2777 1812 2815 before

231 2839 407 2878 Richard
428 2840 478 2878 de
498 2838 749 2888 Willoughby
768 2840 847 2877 and
863 2840 969 2889 John
985 2840 1035 2878 de
1050 2840 1258 2889 Hambury
1277 2840 1356 2878 and
1373 2840 1584 2889 judgment
1603 2853 1679 2879 was
1699 2839 1812 2890 again

230 2904 453 2952 postponed
490 2902 589 2940 until
627 2902 817 2952 Monday,
853 2914 896 2952 15
931 2905 1036 2953 May,
1072 2917 1087 2940 1
1096 2915 1143 2952 33
1151 2914 1184 2952 5,
1223 2903 1337 2942 when
1374 2903 1404 2942 it
1436 2917 1513 2943 was
1552 2904 1666 2954 again
1707 2910 1810 2954 post-

230 2968 365 3016 poned
393 2967 492 3005 until
522 2967 716 3016 Tuesday,
741 2979 785 3015 31
822 2967 1007 3013 October,
1034 2978 1147 3016 1335,
1169 2967 1248 3005 and
1279 2968 1427 3007 further
1455 2968 1680 3018 postponed
1711 2966 1812 3006 until

231 3031 449 3080 Thursday,
477 3042 520 3080 15
539 3032 746 3081 February,
773 3033 887 3080 1336.
946 3030 1120 3070 Richard
1140 3031 1190 3071 de
1210 3032 1247 3070 la
1269 3032 1364 3071 Pole
1383 3045 1459 3071 was
1480 3033 1574 3071 then
1594 3031 1810 3082 appointed
