2044 3491
239 227 293 271 72
606 227 779 262 DUCHY
811 228 872 260 OF
904 227 1194 260 LANCASTER
1227 228 1464 261 RECORDS.

242 326 431 379 premissa
449 339 529 366 una
547 326 765 374 vobiscum,
787 328 944 366 duobus
965 328 1026 366 vel
1042 340 1123 366 uno
1152 334 1325 366 vestrum
1356 326 1537 365 facienda
1566 333 1605 365 et
1634 326 1831 377 explenda

244 393 286 431 in
307 394 434 431 forma
454 392 631 442 predicta
647 406 658 441 3
688 399 726 431 et
745 391 837 431 ideo
858 391 968 431 vobis
989 392 1223 430 mandamus
1245 391 1428 441 quatinus
1450 405 1530 438 vos,
1547 392 1628 430 duo
1648 392 1710 429 vel
1728 404 1833 430 unus

243 465 417 496 vestrum
438 459 629 508 prefatum
661 458 877 496 Ricardum
908 459 997 497 loco
1030 457 1167 507 prefati
1201 455 1394 506 Johannis
1426 457 1478 495 ad
1509 457 1586 494 hoc
1606 455 1645 493 in
1677 456 1829 494 socium

244 522 459 561 admittatis
474 536 485 571 3
514 523 746 561 mandamus
767 522 872 561 enim
895 522 1025 561 eidem
1046 522 1220 560 Ricardo
1240 521 1348 570 quod
1369 522 1420 559 ad
1435 522 1513 559 hoc
1528 533 1607 559 una
1621 520 1829 559 vobiscum

244 589 400 626 duobus
421 588 482 626 vel
502 600 581 626 uno
602 595 772 626 vestrum
794 588 972 625 intendat
993 587 1094 625 sicut
1113 585 1333 636 predictum
1356 593 1424 624 est.
1473 588 1518 624 T.
1544 599 1606 625 me
1620 585 1707 636 ipso
1723 586 1830 635 apud

245 653 528 702 Knaresburgh
548 666 570 689 x
592 652 656 691 die
677 653 790 691 Febr.
812 665 918 690 anno
939 652 1047 701 regni
1067 651 1190 689 nostri
1212 651 1381 690 decimo.

297 717 452 756 Virtute
499 718 611 766 cujus
657 716 784 756 brevis
823 716 1020 766 predictus
1067 717 1271 766 Johannes
1318 717 1369 755 de
1418 717 1626 766 Hambury
1674 715 1832 754 admisit

243 781 465 830 predictum
486 781 703 819 Ricardum
724 782 814 820 loco
835 780 1000 831 predicti
1026 780 1219 831 Johannis
1240 782 1290 820 de
1323 783 1574 820 Shardelowe
1602 781 1643 819 in
1678 780 1830 820 socium

243 846 295 884 ad
315 845 503 896 premissa
524 845 705 885 facienda
725 857 797 885 etc.

354 967 502 1006 Placita
535 968 640 1017 apud
675 967 869 1017 Pikeryng
900 980 1033 1006 coram
1066 967 1221 1017 prefatis
1251 968 1435 1018 Johanne
1465 968 1515 1007 de
1547 968 1756 1017 Hambury
1792 974 1832 1006 et

460 1032 635 1071 Ricardo
657 1033 707 1071 de
727 1034 765 1071 la
787 1034 883 1071 Pole
903 1032 1132 1082 Justiciariis
1150 1041 1236 1081 etc„
1252 1033 1431 1083 predicto
1445 1032 1510 1072 die
1525 1033 1635 1083 Jovis
1651 1032 1831 1082 proximo

459 1105 549 1147 post
588 1097 747 1136 octabas
787 1096 1083 1136 Purificacionis
1118 1099 1233 1136 beate
1264 1097 1389 1136 Marie
1428 1111 1534 1136 anno
1581 1097 1690 1147 regni
1734 1095 1831 1135 dicti

458 1161 608 1201 domini
629 1161 749 1212 Regis
770 1175 878 1200 nunc
898 1162 1066 1201 decimo.

296 1244 531 1293 Preceptum
553 1243 623 1282 fuit
643 1242 866 1282 vicecomiti
888 1242 986 1282 sicut
1006 1243 1148 1293 pluries
1170 1244 1278 1293 quod
1299 1243 1428 1293 capiat
1459 1241 1589 1296 [again
1619 1243 1686 1281 the
1721 1255 1830 1281 same

242 1307 306 1346 list
320 1322 330 1356 ,-
359 1309 456 1346 after
476 1309 543 1346 the
559 1309 686 1346 words
706 1320 777 1357 per
804 1308 914 1357 quod
934 1307 1137 1346 attachiari
1166 1315 1331 1357 possunt
1359 1309 1469 1347 there
1499 1306 1665 1360 follows]
1687 1305 1830 1359 [281b]

243 1372 296 1409 Et
326 1372 417 1421 quia
437 1379 622 1410 testatum
643 1380 702 1410 est
722 1385 792 1422 per
808 1372 1006 1422 predictos
1023 1371 1220 1410 ministros
1240 1373 1351 1422 quod
1372 1371 1538 1422 predicti
1558 1373 1758 1410 Robertus
1779 1373 1830 1409 de

243 1436 449 1476 Chibourn
471 1444 509 1475 et
538 1437 602 1475 alii
624 1445 808 1487 vagantes
843 1444 881 1476 et
915 1437 1112 1475 latitantes
1146 1444 1237 1475 sunt
1270 1436 1310 1474 in
1345 1437 1549 1476 Comitatu
1580 1436 1759 1486 predicto
1792 1443 1831 1474 et

239 1509 425 1551 vagantes
454 1510 619 1551 possunt
650 1501 690 1539 in
720 1503 862 1540 eodem
891 1501 1067 1548 inveniri,
1099 1508 1331 1551 preceptum
1352 1508 1410 1540 est
1442 1501 1573 1540 eidem
1603 1500 1829 1539 vicecomiti

241 1564 342 1603 sicut
355 1565 497 1615 pluries
512 1567 621 1615 quod
637 1566 766 1616 capiat
781 1579 849 1605 eos
865 1565 896 1604 si
914 1573 986 1612 etc,
1004 1565 1057 1603 ita
1074 1567 1183 1615 quod
1199 1567 1342 1605 habeat
1358 1579 1523 1616 corpora
1537 1579 1670 1604 eorum
1688 1565 1752 1603 hic
1769 1573 1831 1604 etc

242 1630 306 1669 die
322 1630 509 1669 Mercurii
524 1630 702 1680 proximo
718 1638 807 1680 post
823 1632 969 1669 festum
987 1631 1240 1669 Ascensionis
1263 1631 1427 1670 Domini
1443 1632 1494 1670 ad
1510 1631 1831 1669 satisfaciendum

243 1702 318 1742 etc,
336 1703 375 1734 et
395 1695 491 1733 sciat
507 1695 729 1734 vicecomes
747 1703 819 1735 etc.
878 1697 943 1734 Ad
964 1708 1081 1745 quem
1097 1696 1202 1734 diem
1219 1695 1363 1745 placita
1380 1703 1417 1733 et
1434 1708 1638 1745 processus
1655 1695 1832 1745 predicta

239 1767 510 1798 remanserunt
531 1760 615 1798 sine
636 1760 700 1799 die
721 1773 788 1810 per
803 1760 1028 1799 absenciam
1046 1759 1223 1798 omnium
1237 1758 1549 1808 Justiciariorum
1563 1759 1831 1809 predictorum

238 1824 332 1863 alibi
353 1825 403 1863 de
425 1826 614 1862 mandato
635 1824 730 1863 dicti
751 1824 902 1863 domini
933 1825 1053 1875 Regis
1084 1823 1354 1871 existendum,
1385 1837 1500 1874 super
1534 1837 1614 1874 quo
1646 1823 1831 1863 dominus

241 1890 329 1927 Rex
348 1896 487 1938 postea
508 1888 711 1928 mandavit
731 1889 889 1938 prefatis
909 1889 1142 1938 Justiciariis
1175 1890 1295 1927 breve
1326 1902 1438 1927 suum
1474 1890 1650 1927 clausum
1687 1889 1726 1926 in
1757 1890 1832 1927 hec

238 1954 367 1991 verba.
428 1953 643 1991 Edwardus
674 1954 738 1992 dei
767 1954 896 2004 gracia
926 1956 1013 1993 Rex
1046 1953 1200 2004 Anglie,
1232 1953 1417 1992 dominus
1452 1953 1646 1992 Hibernie
1680 1961 1717 1992 et
1752 1955 1833 1992 dux

237 2017 481 2067 Aquitannie
502 2017 655 2056 dilectis
677 2025 714 2056 et
736 2018 917 2057 fidelibus
939 2019 1017 2057 suis
1039 2019 1213 2056 Ricardo
1234 2019 1284 2057 de
1314 2019 1546 2068 Wylughby‚
1571 2020 1749 2057 Roberto
1779 2020 1831 2056 de

240 2082 510 2131 Hungerford,
545 2083 721 2131 Johanni
754 2084 805 2121 de
843 2085 1052 2133 Hambury
1083 2090 1122 2121 et
1154 2082 1328 2121 Ricardo
1362 2085 1413 2121 de
1456 2083 1493 2121 la
1523 2084 1620 2122 Pole
1649 2084 1831 2122 salutem.

238 2210 414 2249 Richard
434 2211 485 2248 de
501 2210 761 2261 Willoughby,
785 2212 937 2250 Robert
957 2212 1008 2250 de
1030 2210 1298 2260 Hungerford,
1320 2211 1400 2249 and
1419 2212 1526 2260 John
1547 2212 1598 2250 de
1615 2212 1826 2261 Hambury

238 2282 278 2313 to
299 2275 366 2313 the
386 2287 494 2313 same
524 2275 649 2321 effect,
671 2275 751 2313 and
784 2275 945 2325 bearing
977 2276 1045 2313 the
1083 2287 1191 2313 same
1222 2275 1325 2314 date.
1383 2276 1490 2324 John
1525 2277 1576 2315 de
1617 2277 1830 2326 Hambury

237 2339 431 2377 admitted
452 2338 627 2377 Richard
648 2339 698 2377 de
718 2339 755 2377 la
776 2340 873 2378 Pole
893 2347 933 2378 to
953 2346 1017 2378 act
1036 2338 1128 2378 with
1156 2338 1238 2377 him
1266 2338 1307 2377 in
1335 2340 1403 2379 the
1431 2341 1544 2390 place
1575 2341 1620 2378 of
1642 2342 1749 2390 John
1780 2342 1831 2380 de

241 2403 502 2442 Shardelowe.

346 2514 458 2553 Pleas
487 2514 580 2553 held
609 2520 648 2553 at
678 2513 885 2564 Pickering
913 2527 967 2553 on
996 2515 1216 2565 Thursday,
1243 2526 1289 2566 15
1321 2516 1531 2566 February,
1557 2518 1670 2566 1336,
1693 2518 1829 2557 before

454 2579 561 2628 John
582 2579 633 2617 de
655 2580 862 2629 Hambury
882 2579 961 2617 and
982 2578 1157 2618 Richard
1179 2580 1229 2619 de
1249 2581 1286 2619 la
1306 2582 1414 2620 Pole.

293 2661 359 2698 An
380 2660 495 2699 order
515 2673 590 2699 was
610 2659 723 2710 again
743 2659 858 2710 given
879 2667 919 2698 to
949 2660 1049 2699 seize
1069 2661 1136 2699 the
1156 2661 1373 2709 offendersf
1385 2662 1464 2701 and
1497 2675 1539 2701 as
1573 2662 1603 2701 it
1633 2664 1831 2713 appeared

242 2724 327 2772 that
347 2724 438 2774 they
459 2737 557 2763 were
586 2724 811 2773 wandering
838 2724 919 2762 and
949 2723 1088 2774 hiding
1120 2725 1161 2763 in
1186 2726 1253 2764 the
1287 2733 1443 2776 county,
1479 2727 1546 2766 the
1580 2727 1727 2766 Sheriff
1754 2741 1830 2767 was

240 2789 418 2836 ordered,
441 2802 482 2827 as
503 2790 612 2828 often
627 2789 773 2836 before,
789 2795 830 2827 to
846 2788 946 2827 seize
962 2789 1069 2827 them
1086 2790 1165 2828 and
1180 2791 1354 2839 produce
1370 2792 1480 2830 them
1496 2804 1548 2830 on
1565 2794 1830 2842 Wednesday,

244 2866 289 2889 22
314 2855 420 2902 May,
448 2855 560 2902 1336.

295 2919 360 2957 On
379 2918 503 2957 which
525 2920 601 2968 day
620 2919 671 2957 all
691 2919 758 2957 the
777 2919 885 2968 pleas
906 2918 986 2956 and
1016 2918 1127 2957 other
1155 2919 1416 2970 proceedings
1442 2921 1597 2969 abated,
1621 2921 1662 2960 in
1696 2935 1834 2961 conse-

240 2993 392 3030 quence
412 2984 456 3020 of
472 2983 538 3022 the
558 2984 728 3022 absence
749 2984 792 3022 of
807 2984 858 3021 all
880 2983 946 3021 the
966 2983 1147 3032 Justices‚
1170 2985 1257 3023 who
1277 2997 1376 3023 were
1397 2985 1591 3035 occupied
1621 2986 1831 3024 elsewhere

239 3052 279 3083 at
299 3045 365 3084 the
386 3045 525 3096 King's
546 3049 767 3087 command.
826 3048 1064 3087 Afterwards
1086 3049 1152 3087 the
1183 3048 1292 3100 King
1325 3049 1502 3089 directed
1534 3050 1601 3089 the
1633 3050 1831 3100 following
