<?xml version="1.0" encoding="UTF-8"?>
<!DOCTYPE html PUBLIC "-//W3C//DTD XHTML 1.0 Transitional//EN"
    "http://www.w3.org/TR/xhtml1/DTD/xhtml1-transitional.dtd">
<html xmlns="http://www.w3.org/1999/xhtml" xml:lang="en" lang="en">
 <head>
  <title>
</title>
<meta http-equiv="Content-Type" content="text/html;charset=utf-8" />
  <meta name='ocr-system' content='tesseract 3.04.00' />
  <meta name='ocr-capabilities' content='ocr_page ocr_carea ocr_par ocr_line ocrx_word'/>
</head>
<body>
  <div class='ocr_page' id='page_1' title='image "./honorforestofpic03turt_0226.png"; bbox 0 0 2044 3491; ppageno 0'>
   <div class='ocr_carea' id='block_1_1' title="bbox 237 198 1160 239">
    <p class='ocr_par' dir='ltr' id='par_1_1' title="bbox 237 198 1160 239">
     <span class='ocr_line' id='line_1_1' title="bbox 237 198 1160 239; baseline 0.001 -1"><span class='ocrx_word' id='word_1_1' title='bbox 237 209 251 238; x_wconf 94' lang='lat'>1</span> <span class='ocrx_word' id='word_1_2' title='bbox 263 198 315 238; x_wconf 85' lang='lat'>88</span> <span class='ocrx_word' id='word_1_3' title='bbox 895 207 1160 239; x_wconf 86' lang='lat' dir='ltr'><strong>APPENDIX.</strong></span> 
     </span>
    </p>
   </div>
   <div class='ocr_carea' id='block_1_2' title="bbox 224 302 1825 2234">
    <p class='ocr_par' dir='ltr' id='par_1_2' title="bbox 231 302 1825 615">
     <span class='ocr_line' id='line_1_2' title="bbox 231 302 1823 357; baseline -0.001 -14"><span class='ocrx_word' id='word_1_4' title='bbox 231 305 444 344; x_wconf 87' lang='lat' dir='ltr'>duodecim</span> <span class='ocrx_word' id='word_1_5' title='bbox 466 306 628 345; x_wconf 88' lang='lat' dir='ltr'>bovatas</span> <span class='ocrx_word' id='word_1_6' title='bbox 649 312 687 345; x_wconf 90' lang='lat' dir='ltr'>et</span> <span class='ocrx_word' id='word_1_7' title='bbox 707 306 966 357; x_wconf 87' lang='lat' dir='ltr'>quadraginta</span> <span class='ocrx_word' id='word_1_8' title='bbox 986 318 1095 344; x_wconf 87' lang='lat' dir='ltr'>acras</span> <span class='ocrx_word' id='word_1_9' title='bbox 1115 311 1225 352; x_wconf 90' lang='lat' dir='ltr'>terre,</span> <span class='ocrx_word' id='word_1_10' title='bbox 1249 316 1317 343; x_wconf 84' lang='lat' dir='ltr'>sex</span> <span class='ocrx_word' id='word_1_11' title='bbox 1337 317 1446 343; x_wconf 91' lang='lat' dir='ltr'>acras</span> <span class='ocrx_word' id='word_1_12' title='bbox 1467 302 1567 354; x_wconf 86' lang='lat' dir='ltr'>prati</span> <span class='ocrx_word' id='word_1_13' title='bbox 1596 310 1635 342; x_wconf 90' lang='lat' dir='ltr'>et</span> <span class='ocrx_word' id='word_1_14' title='bbox 1664 302 1823 353; x_wconf 87' lang='lat' dir='ltr'>triginta</span> 
     </span>
     <span class='ocr_line' id='line_1_3' title="bbox 233 369 1823 420; baseline -0.001 -12"><span class='ocrx_word' id='word_1_15' title='bbox 233 370 419 409; x_wconf 89' lang='lat' dir='ltr'>solidatas</span> <span class='ocrx_word' id='word_1_16' title='bbox 450 371 628 410; x_wconf 87' lang='lat' dir='ltr'>redditus</span> <span class='ocrx_word' id='word_1_17' title='bbox 662 372 745 410; x_wconf 91' lang='lat' dir='ltr'>fieri</span> <span class='ocrx_word' id='word_1_18' title='bbox 777 371 927 410; x_wconf 86' lang='lat' dir='ltr'>faciatis</span> <span class='ocrx_word' id='word_1_19' title='bbox 959 370 1070 420; x_wconf 87' lang='lat' dir='ltr'>quod</span> <span class='ocrx_word' id='word_1_20' title='bbox 1096 370 1148 408; x_wconf 88' lang='lat' dir='ltr'>dc</span> <span class='ocrx_word' id='word_1_21' title='bbox 1179 370 1266 418; x_wconf 89' lang='lat' dir='ltr'>jure</span> <span class='ocrx_word' id='word_1_22' title='bbox 1301 376 1340 407; x_wconf 91' lang='lat' dir='ltr'>et</span> <span class='ocrx_word' id='word_1_23' title='bbox 1371 369 1594 407; x_wconf 88' lang='lat' dir='ltr'>secundum</span> <span class='ocrx_word' id='word_1_24' title='bbox 1622 369 1748 418; x_wconf 88' lang='lat' dir='ltr'>legem</span> <span class='ocrx_word' id='word_1_25' title='bbox 1784 375 1823 406; x_wconf 93' lang='lat' dir='ltr'>et</span> 
     </span>
     <span class='ocr_line' id='line_1_4' title="bbox 231 433 1825 485; baseline 0 -13"><span class='ocrx_word' id='word_1_26' title='bbox 231 435 563 473; x_wconf 81' lang='lat' dir='ltr'>consuetudinem</span> <span class='ocrx_word' id='word_1_27' title='bbox 597 435 706 485; x_wconf 89' lang='lat' dir='ltr'>regni</span> <span class='ocrx_word' id='word_1_28' title='bbox 737 435 861 474; x_wconf 85' lang='lat' dir='ltr'>nostri</span> <span class='ocrx_word' id='word_1_29' title='bbox 894 435 1037 484; x_wconf 88' lang='lat' dir='ltr'>Anglie</span> <span class='ocrx_word' id='word_1_30' title='bbox 1071 436 1156 473; x_wconf 83' lang='lat' dir='ltr'>fore</span> <span class='ocrx_word' id='word_1_31' title='bbox 1193 433 1370 473; x_wconf 87' lang='lat' dir='ltr'>videritis</span> <span class='ocrx_word' id='word_1_32' title='bbox 1405 433 1643 473; x_wconf 86' lang='lat' dir='ltr'>faciendum.</span> <span class='ocrx_word' id='word_1_33' title='bbox 1702 435 1825 472; x_wconf 90' lang='lat' dir='ltr'>Teste</span> 
     </span>
     <span class='ocr_line' id='line_1_5' title="bbox 231 497 1823 551; baseline -0.001 -13"><span class='ocrx_word' id='word_1_34' title='bbox 231 512 296 539; x_wconf 89' lang='lat' dir='ltr'>me</span> <span class='ocrx_word' id='word_1_35' title='bbox 315 500 401 550; x_wconf 84' lang='lat' dir='ltr'>ipso</span> <span class='ocrx_word' id='word_1_36' title='bbox 421 501 528 551; x_wconf 89' lang='lat' dir='ltr'>apud</span> <span class='ocrx_word' id='word_1_37' title='bbox 549 501 704 538; x_wconf 80' lang='lat' dir='ltr'><strong>Turrim</strong></span> <span class='ocrx_word' id='word_1_38' title='bbox 726 501 909 539; x_wconf 92' lang='lat' dir='ltr'>London.</span> <span class='ocrx_word' id='word_1_39' title='bbox 931 499 997 549; x_wconf 90' lang='lat' dir='ltr'>viij</span> <span class='ocrx_word' id='word_1_40' title='bbox 1020 499 1084 538; x_wconf 93' lang='lat' dir='ltr'>die</span> <span class='ocrx_word' id='word_1_41' title='bbox 1106 501 1220 538; x_wconf 88' lang='lat' dir='ltr'>Febr.</span> <span class='ocrx_word' id='word_1_42' title='bbox 1252 513 1359 538; x_wconf 89' lang='lat' dir='ltr'>anno</span> <span class='ocrx_word' id='word_1_43' title='bbox 1389 498 1498 550; x_wconf 86' lang='lat' dir='ltr'>regni</span> <span class='ocrx_word' id='word_1_44' title='bbox 1524 497 1649 538; x_wconf 88' lang='lat' dir='ltr'>nostri</span> <span class='ocrx_word' id='word_1_45' title='bbox 1678 498 1823 548; x_wconf 85' lang='lat' dir='ltr'>Anglie</span> 
     </span>
     <span class='ocr_line' id='line_1_6' title="bbox 233 563 1276 615; baseline -0.001 -11"><span class='ocrx_word' id='word_1_46' title='bbox 233 573 345 604; x_wconf 88' lang='lat' dir='ltr'>sexto</span> <span class='ocrx_word' id='word_1_47' title='bbox 365 566 535 614; x_wconf 90' lang='lat' dir='ltr'>decimo,</span> <span class='ocrx_word' id='word_1_48' title='bbox 557 565 666 615; x_wconf 89' lang='lat' dir='ltr'>regni</span> <span class='ocrx_word' id='word_1_49' title='bbox 685 578 778 604; x_wconf 90' lang='lat' dir='ltr'>vero</span> <span class='ocrx_word' id='word_1_50' title='bbox 799 572 934 604; x_wconf 90' lang='lat' dir='ltr'>nostro</span> <span class='ocrx_word' id='word_1_51' title='bbox 955 566 987 602; x_wconf 90' lang='lat' dir='ltr'>F</span> <span class='ocrx_word' id='word_1_52' title='bbox 991 563 1122 602; x_wconf 89' lang='lat' dir='ltr'>rancie</span> <span class='ocrx_word' id='word_1_53' title='bbox 1143 563 1276 603; x_wconf 90' lang='lat' dir='ltr'>tercio.</span> 
     </span>
    </p>

    <p class='ocr_par' dir='ltr' id='par_1_3' title="bbox 224 628 1822 2234">
     <span class='ocr_line' id='line_1_7' title="bbox 284 628 1822 680; baseline 0 -13"><span class='ocrx_word' id='word_1_54' title='bbox 284 630 579 680; x_wconf 90' lang='lat' dir='ltr'>Transcriptum</span> <span class='ocrx_word' id='word_1_55' title='bbox 611 629 721 679; x_wconf 87' lang='lat' dir='ltr'>pedis</span> <span class='ocrx_word' id='word_1_56' title='bbox 752 629 840 667; x_wconf 90' lang='lat' dir='ltr'>finis</span> <span class='ocrx_word' id='word_1_57' title='bbox 869 628 1036 679; x_wconf 85' lang='lat' dir='ltr'>predicti</span> <span class='ocrx_word' id='word_1_58' title='bbox 1069 629 1245 679; x_wconf 85' lang='lat' dir='ltr'>sequitur</span> <span class='ocrx_word' id='word_1_59' title='bbox 1280 629 1320 667; x_wconf 91' lang='lat' dir='ltr'>in</span> <span class='ocrx_word' id='word_1_60' title='bbox 1355 630 1430 668; x_wconf 92' lang='lat' dir='ltr'>hec</span> <span class='ocrx_word' id='word_1_61' title='bbox 1449 630 1579 668; x_wconf 92' lang='lat' dir='ltr'>verba.</span> <span class='ocrx_word' id='word_1_62' title='bbox 1640 630 1733 667; x_wconf 93' lang='lat' dir='ltr'>Hec</span> <span class='ocrx_word' id='word_1_63' title='bbox 1763 635 1822 667; x_wconf 88' lang='lat' dir='ltr'>est</span> 
     </span>
     <span class='ocr_line' id='line_1_8' title="bbox 230 692 1822 744; baseline -0.001 -12"><span class='ocrx_word' id='word_1_64' title='bbox 230 695 358 733; x_wconf 89' lang='lat' dir='ltr'>finalis</span> <span class='ocrx_word' id='word_1_65' title='bbox 396 693 609 733; x_wconf 90' lang='lat' dir='ltr'>concordia</span> <span class='ocrx_word' id='word_1_66' title='bbox 647 695 750 732; x_wconf 80' lang='lat' dir='ltr'>facta</span> <span class='ocrx_word' id='word_1_67' title='bbox 787 693 827 731; x_wconf 88' lang='lat' dir='ltr'>in</span> <span class='ocrx_word' id='word_1_68' title='bbox 862 693 980 733; x_wconf 90' lang='lat' dir='ltr'>Curia</span> <span class='ocrx_word' id='word_1_69' title='bbox 1019 693 1172 732; x_wconf 91' lang='lat' dir='ltr'>domini</span> <span class='ocrx_word' id='word_1_70' title='bbox 1211 693 1332 744; x_wconf 90' lang='lat' dir='ltr'>Regis</span> <span class='ocrx_word' id='word_1_71' title='bbox 1371 695 1478 743; x_wconf 91' lang='lat' dir='ltr'>apud</span> <span class='ocrx_word' id='word_1_72' title='bbox 1521 694 1747 732; x_wconf 84' lang='lat' dir='ltr'>Eboracum</span> <span class='ocrx_word' id='word_1_73' title='bbox 1781 692 1822 730; x_wconf 91' lang='lat' dir='ltr'>in</span> 
     </span>
     <span class='ocr_line' id='line_1_9' title="bbox 231 757 1821 809; baseline -0.003 -10"><span class='ocrx_word' id='word_1_74' title='bbox 231 758 415 799; x_wconf 90' lang='lat' dir='ltr'>Crastino</span> <span class='ocrx_word' id='word_1_75' title='bbox 436 758 569 798; x_wconf 81' lang='lat' dir='ltr'>Sancti</span> <span class='ocrx_word' id='word_1_76' title='bbox 591 757 753 796; x_wconf 89' lang='lat' dir='ltr'>Martini</span> <span class='ocrx_word' id='word_1_77' title='bbox 781 771 888 797; x_wconf 88' lang='lat' dir='ltr'>anno</span> <span class='ocrx_word' id='word_1_78' title='bbox 921 758 1032 808; x_wconf 87' lang='lat' dir='ltr'>regni</span> <span class='ocrx_word' id='word_1_79' title='bbox 1065 758 1187 809; x_wconf 90' lang='lat' dir='ltr'>Regis</span> <span class='ocrx_word' id='word_1_80' title='bbox 1220 757 1405 797; x_wconf 88' lang='lat' dir='ltr'>Edwardi</span> <span class='ocrx_word' id='word_1_81' title='bbox 1427 757 1537 796; x_wconf 90' lang='lat' dir='ltr'>tercii</span> <span class='ocrx_word' id='word_1_82' title='bbox 1557 772 1579 796; x_wconf 87' lang='lat' dir='ltr'>a</span> <span class='ocrx_word' id='word_1_83' title='bbox 1600 764 1821 807; x_wconf 89' lang='lat' dir='ltr'>conquestu</span> 
     </span>
     <span class='ocr_line' id='line_1_10' title="bbox 232 822 1821 874; baseline -0.001 -12"><span class='ocrx_word' id='word_1_84' title='bbox 232 823 400 874; x_wconf 89' lang='lat' dir='ltr'>septimo</span> <span class='ocrx_word' id='word_1_85' title='bbox 429 836 562 862; x_wconf 86' lang='lat' dir='ltr'>coram</span> <span class='ocrx_word' id='word_1_86' title='bbox 582 823 779 862; x_wconf 88' lang='lat' dir='ltr'>Willelmo</span> <span class='ocrx_word' id='word_1_87' title='bbox 809 824 860 862; x_wconf 91' lang='lat' dir='ltr'>de</span> <span class='ocrx_word' id='word_1_88' title='bbox 898 824 1034 871; x_wconf 93' lang='lat' dir='ltr'>Herle,</span> <span class='ocrx_word' id='word_1_89' title='bbox 1058 824 1241 873; x_wconf 88' lang='lat' dir='ltr'>Johanne</span> <span class='ocrx_word' id='word_1_90' title='bbox 1275 824 1326 861; x_wconf 90' lang='lat' dir='ltr'>de</span> <span class='ocrx_word' id='word_1_91' title='bbox 1356 824 1535 869; x_wconf 78' lang='lat' dir='ltr'>Stonore,</span> <span class='ocrx_word' id='word_1_92' title='bbox 1565 822 1749 871; x_wconf 89' lang='lat' dir='ltr'>Johanne</span> <span class='ocrx_word' id='word_1_93' title='bbox 1770 822 1821 860; x_wconf 92' lang='lat' dir='ltr'>de</span> 
     </span>
     <span class='ocr_line' id='line_1_11' title="bbox 233 886 1822 938; baseline -0.001 -11"><span class='ocrx_word' id='word_1_94' title='bbox 233 888 508 938; x_wconf 86' lang='lat' dir='ltr'>Cantabrigge,</span> <span class='ocrx_word' id='word_1_95' title='bbox 538 888 723 937; x_wconf 88' lang='lat' dir='ltr'>Johanne</span> <span class='ocrx_word' id='word_1_96' title='bbox 753 888 803 926; x_wconf 93' lang='lat' dir='ltr'>de</span> <span class='ocrx_word' id='word_1_97' title='bbox 834 889 944 937; x_wconf 85' lang='lat' dir='ltr'>Inge,</span> <span class='ocrx_word' id='word_1_98' title='bbox 965 889 1151 936; x_wconf 88' lang='lat' dir='ltr'>Johanne</span> <span class='ocrx_word' id='word_1_99' title='bbox 1183 889 1234 926; x_wconf 93' lang='lat' dir='ltr'>de</span> <span class='ocrx_word' id='word_1_100' title='bbox 1270 888 1533 934; x_wconf 89' lang='lat' dir='ltr'>Shardelowe,</span> <span class='ocrx_word' id='word_1_101' title='bbox 1565 886 1741 925; x_wconf 90' lang='lat' dir='ltr'>Ricardo</span> <span class='ocrx_word' id='word_1_102' title='bbox 1770 887 1822 925; x_wconf 91' lang='lat' dir='ltr'>de</span> 
     </span>
     <span class='ocr_line' id='line_1_12' title="bbox 230 950 1821 1003; baseline -0.001 -13"><span class='ocrx_word' id='word_1_103' title='bbox 230 953 463 1003; x_wconf 87' lang='lat' dir='ltr'>Aldeburgh</span> <span class='ocrx_word' id='word_1_104' title='bbox 492 961 531 992; x_wconf 86' lang='lat' dir='ltr'>et</span> <span class='ocrx_word' id='word_1_105' title='bbox 564 952 762 991; x_wconf 88' lang='lat' dir='ltr'>Willelmo</span> <span class='ocrx_word' id='word_1_106' title='bbox 801 953 852 991; x_wconf 91' lang='lat' dir='ltr'>de</span> <span class='ocrx_word' id='word_1_107' title='bbox 882 953 1108 991; x_wconf 90' lang='lat' dir='ltr'>Shareshull</span> <span class='ocrx_word' id='word_1_108' title='bbox 1146 951 1379 1002; x_wconf 90' lang='lat' dir='ltr'>Justiciariis</span> <span class='ocrx_word' id='word_1_109' title='bbox 1394 967 1406 1000; x_wconf 80' lang='lat'><em>3</em></span> <span class='ocrx_word' id='word_1_110' title='bbox 1449 960 1489 990; x_wconf 93' lang='lat' dir='ltr'>et</span> <span class='ocrx_word' id='word_1_111' title='bbox 1526 959 1667 1002; x_wconf 86' lang='lat' dir='ltr'>postea</span> <span class='ocrx_word' id='word_1_112' title='bbox 1699 964 1723 988; x_wconf 94' lang='lat' dir='ltr'>a</span> <span class='ocrx_word' id='word_1_113' title='bbox 1755 950 1821 989; x_wconf 91' lang='lat' dir='ltr'>die</span> 
     </span>
     <span class='ocr_line' id='line_1_13' title="bbox 232 1015 1820 1067; baseline -0.002 -11"><span class='ocrx_word' id='word_1_114' title='bbox 232 1018 385 1056; x_wconf 90' lang='lat' dir='ltr'>Pasche</span> <span class='ocrx_word' id='word_1_115' title='bbox 431 1017 472 1055; x_wconf 93' lang='lat' dir='ltr'>in</span> <span class='ocrx_word' id='word_1_116' title='bbox 524 1024 601 1055; x_wconf 90' lang='lat' dir='ltr'>tres</span> <span class='ocrx_word' id='word_1_117' title='bbox 640 1016 882 1066; x_wconf 89' lang='lat' dir='ltr'>septimanas</span> <span class='ocrx_word' id='word_1_118' title='bbox 929 1030 1036 1056; x_wconf 91' lang='lat' dir='ltr'>anno</span> <span class='ocrx_word' id='word_1_119' title='bbox 1077 1017 1188 1067; x_wconf 89' lang='lat' dir='ltr'>regni</span> <span class='ocrx_word' id='word_1_120' title='bbox 1236 1017 1418 1066; x_wconf 91' lang='lat' dir='ltr'>ejusdem</span> <span class='ocrx_word' id='word_1_121' title='bbox 1468 1015 1590 1066; x_wconf 84' lang='lat' dir='ltr'>Regis</span> <span class='ocrx_word' id='word_1_122' title='bbox 1634 1015 1820 1054; x_wconf 90' lang='lat' dir='ltr'>Edwardi</span> 
     </span>
     <span class='ocr_line' id='line_1_14' title="bbox 231 1079 1817 1129; baseline -0.003 -9"><span class='ocrx_word' id='word_1_123' title='bbox 231 1089 372 1121; x_wconf 89' lang='lat' dir='ltr'>octavo</span> <span class='ocrx_word' id='word_1_124' title='bbox 392 1081 542 1120; x_wconf 88' lang='lat' dir='ltr'>ibidem</span> <span class='ocrx_word' id='word_1_125' title='bbox 562 1093 752 1119; x_wconf 88' lang='lat' dir='ltr'>concessa</span> <span class='ocrx_word' id='word_1_126' title='bbox 772 1088 810 1120; x_wconf 92' lang='lat' dir='ltr'>et</span> <span class='ocrx_word' id='word_1_127' title='bbox 829 1081 1036 1120; x_wconf 85' lang='lat' dir='ltr'>recordata</span> <span class='ocrx_word' id='word_1_128' title='bbox 1056 1094 1190 1119; x_wconf 87' lang='lat' dir='ltr'>coram</span> <span class='ocrx_word' id='word_1_129' title='bbox 1213 1080 1372 1129; x_wconf 85' lang='lat' dir='ltr'>prefatis</span> <span class='ocrx_word' id='word_1_130' title='bbox 1388 1079 1587 1118; x_wconf 86' lang='lat' dir='ltr'>Willelmo</span> <span class='ocrx_word' id='word_1_131' title='bbox 1609 1080 1659 1118; x_wconf 94' lang='lat' dir='ltr'>de</span> <span class='ocrx_word' id='word_1_132' title='bbox 1681 1080 1817 1126; x_wconf 91' lang='lat' dir='ltr'>Herle,</span> 
     </span>
     <span class='ocr_line' id='line_1_15' title="bbox 229 1143 1819 1196; baseline -0.002 -12"><span class='ocrx_word' id='word_1_133' title='bbox 229 1147 425 1196; x_wconf 88' lang='lat' dir='ltr'>Johanne,</span> <span class='ocrx_word' id='word_1_134' title='bbox 447 1147 641 1195; x_wconf 87' lang='lat' dir='ltr'>Johanne,</span> <span class='ocrx_word' id='word_1_135' title='bbox 672 1146 869 1194; x_wconf 88' lang='lat' dir='ltr'>Johanne,</span> <span class='ocrx_word' id='word_1_136' title='bbox 905 1146 1086 1193; x_wconf 70' lang='lat' dir='ltr'>Iohanne</span> <span class='ocrx_word' id='word_1_137' title='bbox 1119 1152 1158 1184; x_wconf 91' lang='lat' dir='ltr'>et</span> <span class='ocrx_word' id='word_1_138' title='bbox 1193 1145 1369 1184; x_wconf 91' lang='lat' dir='ltr'>Ricardo</span> <span class='ocrx_word' id='word_1_139' title='bbox 1407 1143 1636 1192; x_wconf 77' lang='lat' dir='ltr'>Justiciariis</span> <span class='ocrx_word' id='word_1_140' title='bbox 1668 1150 1706 1182; x_wconf 87' lang='lat' dir='ltr'>et</span> <span class='ocrx_word' id='word_1_141' title='bbox 1734 1143 1819 1182; x_wconf 89' lang='lat' dir='ltr'>aliis</span> 
     </span>
     <span class='ocr_line' id='line_1_16' title="bbox 230 1209 1820 1261; baseline -0.001 -12"><span class='ocrx_word' id='word_1_142' title='bbox 230 1210 381 1250; x_wconf 89' lang='lat' dir='ltr'>domini</span> <span class='ocrx_word' id='word_1_143' title='bbox 430 1210 550 1261; x_wconf 87' lang='lat' dir='ltr'>Regis</span> <span class='ocrx_word' id='word_1_144' title='bbox 598 1211 781 1249; x_wconf 86' lang='lat' dir='ltr'>fidelibus</span> <span class='ocrx_word' id='word_1_145' title='bbox 830 1217 925 1249; x_wconf 85' lang='lat' dir='ltr'>tunc</span> <span class='ocrx_word' id='word_1_146' title='bbox 966 1210 1116 1249; x_wconf 90' lang='lat' dir='ltr'>ibidem</span> <span class='ocrx_word' id='word_1_147' title='bbox 1156 1210 1416 1261; x_wconf 85' lang='lat' dir='ltr'>presentibus,</span> <span class='ocrx_word' id='word_1_148' title='bbox 1456 1209 1557 1248; x_wconf 89' lang='lat' dir='ltr'>inter</span> <span class='ocrx_word' id='word_1_149' title='bbox 1595 1210 1820 1259; x_wconf 88' lang='lat' dir='ltr'>Johannem</span> 
     </span>
     <span class='ocr_line' id='line_1_17' title="bbox 231 1274 1819 1326; baseline -0.002 -12"><span class='ocrx_word' id='word_1_150' title='bbox 231 1278 376 1326; x_wconf 89' lang='lat' dir='ltr'>Moryn</span> <span class='ocrx_word' id='word_1_151' title='bbox 395 1276 446 1315; x_wconf 95' lang='lat' dir='ltr'>de</span> <span class='ocrx_word' id='word_1_152' title='bbox 467 1277 687 1325; x_wconf 90' lang='lat' dir='ltr'>Brompton</span> <span class='ocrx_word' id='word_1_153' title='bbox 708 1282 746 1314; x_wconf 91' lang='lat' dir='ltr'>et</span> <span class='ocrx_word' id='word_1_154' title='bbox 767 1274 990 1314; x_wconf 89' lang='lat' dir='ltr'>Dionisiam</span> <span class='ocrx_word' id='word_1_155' title='bbox 1013 1288 1177 1314; x_wconf 89' lang='lat' dir='ltr'>uxorem</span> <span class='ocrx_word' id='word_1_156' title='bbox 1198 1276 1283 1324; x_wconf 88' lang='lat' dir='ltr'>ejus</span> <span class='ocrx_word' id='word_1_157' title='bbox 1304 1282 1513 1324; x_wconf 83' lang='lat' dir='ltr'>querentes</span> <span class='ocrx_word' id='word_1_158' title='bbox 1534 1281 1573 1313; x_wconf 93' lang='lat' dir='ltr'>et</span> <span class='ocrx_word' id='word_1_159' title='bbox 1592 1274 1819 1323; x_wconf 87' lang='lat' dir='ltr'>Johannem</span> 
     </span>
     <span class='ocr_line' id='line_1_18' title="bbox 229 1337 1819 1390; baseline -0.001 -11"><span class='ocrx_word' id='word_1_160' title='bbox 229 1341 281 1380; x_wconf 92' lang='lat' dir='ltr'>de</span> <span class='ocrx_word' id='word_1_161' title='bbox 312 1341 496 1379; x_wconf 86' lang='lat' dir='ltr'>Wikham</span> <span class='ocrx_word' id='word_1_162' title='bbox 527 1347 566 1379; x_wconf 90' lang='lat' dir='ltr'>et</span> <span class='ocrx_word' id='word_1_163' title='bbox 599 1341 823 1390; x_wconf 88' lang='lat' dir='ltr'>Johannem</span> <span class='ocrx_word' id='word_1_164' title='bbox 853 1341 903 1379; x_wconf 94' lang='lat' dir='ltr'>de</span> <span class='ocrx_word' id='word_1_165' title='bbox 936 1341 1140 1390; x_wconf 90' lang='lat' dir='ltr'>Snaynton</span> <span class='ocrx_word' id='word_1_166' title='bbox 1176 1340 1436 1389; x_wconf 81' lang='lat' dir='ltr'>Capelianum</span> <span class='ocrx_word' id='word_1_167' title='bbox 1471 1337 1734 1377; x_wconf 90' lang='lat' dir='ltr'>deforciantes</span> <span class='ocrx_word' id='word_1_168' title='bbox 1768 1339 1819 1377; x_wconf 89' lang='lat' dir='ltr'>de</span> 
     </span>
     <span class='ocr_line' id='line_1_19' title="bbox 229 1403 1820 1455; baseline -0.001 -12"><span class='ocrx_word' id='word_1_169' title='bbox 229 1418 310 1443; x_wconf 92' lang='lat' dir='ltr'>uno</span> <span class='ocrx_word' id='word_1_170' title='bbox 343 1404 560 1455; x_wconf 86' lang='lat' dir='ltr'>mesuagio,</span> <span class='ocrx_word' id='word_1_171' title='bbox 591 1406 731 1444; x_wconf 88' lang='lat' dir='ltr'>decem</span> <span class='ocrx_word' id='word_1_172' title='bbox 771 1412 810 1444; x_wconf 89' lang='lat' dir='ltr'>et</span> <span class='ocrx_word' id='word_1_173' title='bbox 847 1412 939 1444; x_wconf 86' lang='lat' dir='ltr'>octo</span> <span class='ocrx_word' id='word_1_174' title='bbox 969 1404 1087 1453; x_wconf 82' lang='lat' dir='ltr'>tostis,</span> <span class='ocrx_word' id='word_1_175' title='bbox 1124 1404 1282 1454; x_wconf 88' lang='lat' dir='ltr'>triginta</span> <span class='ocrx_word' id='word_1_176' title='bbox 1320 1411 1359 1442; x_wconf 92' lang='lat' dir='ltr'>et</span> <span class='ocrx_word' id='word_1_177' title='bbox 1392 1411 1561 1453; x_wconf 87' lang='lat' dir='ltr'>quatuor</span> <span class='ocrx_word' id='word_1_178' title='bbox 1591 1403 1746 1442; x_wconf 90' lang='lat' dir='ltr'>bovatis</span> <span class='ocrx_word' id='word_1_179' title='bbox 1781 1410 1820 1441; x_wconf 92' lang='lat' dir='ltr'>et</span> 
     </span>
     <span class='ocr_line' id='line_1_20' title="bbox 229 1467 1814 1520; baseline -0.001 -12"><span class='ocrx_word' id='word_1_180' title='bbox 229 1470 513 1520; x_wconf 88' lang='lat' dir='ltr'>quinquaginta</span> <span class='ocrx_word' id='word_1_181' title='bbox 546 1469 644 1508; x_wconf 85' lang='lat' dir='ltr'>acris</span> <span class='ocrx_word' id='word_1_182' title='bbox 684 1477 795 1516; x_wconf 89' lang='lat' dir='ltr'>terre,</span> <span class='ocrx_word' id='word_1_183' title='bbox 832 1469 1062 1519; x_wconf 91' lang='lat' dir='ltr'>quindecim</span> <span class='ocrx_word' id='word_1_184' title='bbox 1101 1468 1200 1508; x_wconf 89' lang='lat' dir='ltr'>acris</span> <span class='ocrx_word' id='word_1_185' title='bbox 1238 1467 1338 1518; x_wconf 87' lang='lat' dir='ltr'>prati</span> <span class='ocrx_word' id='word_1_186' title='bbox 1372 1475 1410 1507; x_wconf 89' lang='lat' dir='ltr'>et</span> <span class='ocrx_word' id='word_1_187' title='bbox 1444 1467 1602 1518; x_wconf 88' lang='lat' dir='ltr'>triginta</span> <span class='ocrx_word' id='word_1_188' title='bbox 1636 1467 1814 1507; x_wconf 86' lang='lat' dir='ltr'>solidatis</span> 
     </span>
     <span class='ocr_line' id='line_1_21' title="bbox 229 1533 1819 1584; baseline -0.001 -11"><span class='ocrx_word' id='word_1_189' title='bbox 229 1535 408 1574; x_wconf 90' lang='lat' dir='ltr'>redditus</span> <span class='ocrx_word' id='word_1_190' title='bbox 437 1548 528 1573; x_wconf 89' lang='lat' dir='ltr'>cum</span> <span class='ocrx_word' id='word_1_191' title='bbox 566 1533 820 1584; x_wconf 85' lang='lat' dir='ltr'>pertinenciis</span> <span class='ocrx_word' id='word_1_192' title='bbox 853 1534 894 1572; x_wconf 93' lang='lat' dir='ltr'>in</span> <span class='ocrx_word' id='word_1_193' title='bbox 935 1536 1168 1584; x_wconf 88' lang='lat' dir='ltr'>Brompton‚</span> <span class='ocrx_word' id='word_1_194' title='bbox 1200 1534 1345 1572; x_wconf 89' lang='lat' dir='ltr'>Salden</span> <span class='ocrx_word' id='word_1_195' title='bbox 1384 1541 1423 1572; x_wconf 89' lang='lat' dir='ltr'>et</span> <span class='ocrx_word' id='word_1_196' title='bbox 1463 1534 1678 1583; x_wconf 87' lang='lat' dir='ltr'>Snaynton,</span> <span class='ocrx_word' id='word_1_197' title='bbox 1711 1535 1819 1572; x_wconf 90' lang='lat' dir='ltr'>unde</span> 
     </span>
     <span class='ocr_line' id='line_1_22' title="bbox 229 1597 1816 1650; baseline -0.003 -11"><span class='ocrx_word' id='word_1_198' title='bbox 229 1600 419 1650; x_wconf 89' lang='lat' dir='ltr'>placitum</span> <span class='ocrx_word' id='word_1_199' title='bbox 453 1598 736 1638; x_wconf 90' lang='lat' dir='ltr'>convencionis</span> <span class='ocrx_word' id='word_1_200' title='bbox 768 1598 1055 1637; x_wconf 89' lang='lat' dir='ltr'>summonitum</span> <span class='ocrx_word' id='word_1_201' title='bbox 1076 1597 1149 1637; x_wconf 88' lang='lat' dir='ltr'>fuit</span> <span class='ocrx_word' id='word_1_202' title='bbox 1189 1597 1291 1636; x_wconf 90' lang='lat' dir='ltr'>inter</span> <span class='ocrx_word' id='word_1_203' title='bbox 1325 1610 1393 1636; x_wconf 89' lang='lat' dir='ltr'>eos</span> <span class='ocrx_word' id='word_1_204' title='bbox 1427 1597 1468 1635; x_wconf 92' lang='lat' dir='ltr'>in</span> <span class='ocrx_word' id='word_1_205' title='bbox 1506 1598 1648 1637; x_wconf 87' lang='lat' dir='ltr'>eadem</span> <span class='ocrx_word' id='word_1_206' title='bbox 1683 1597 1816 1645; x_wconf 90' lang='lat' dir='ltr'>Curia,</span> 
     </span>
     <span class='ocr_line' id='line_1_23' title="bbox 229 1661 1817 1715; baseline -0.002 -11"><span class='ocrx_word' id='word_1_207' title='bbox 229 1665 369 1705; x_wconf 89' lang='lat' dir='ltr'>scilicit</span> <span class='ocrx_word' id='word_1_208' title='bbox 389 1666 499 1715; x_wconf 91' lang='lat' dir='ltr'>quod</span> <span class='ocrx_word' id='word_1_209' title='bbox 519 1663 685 1714; x_wconf 90' lang='lat' dir='ltr'>predicti</span> <span class='ocrx_word' id='word_1_210' title='bbox 713 1664 917 1713; x_wconf 88' lang='lat' dir='ltr'>Johannes</span> <span class='ocrx_word' id='word_1_211' title='bbox 949 1665 1095 1713; x_wconf 89' lang='lat' dir='ltr'>Moryn</span> <span class='ocrx_word' id='word_1_212' title='bbox 1125 1669 1164 1702; x_wconf 88' lang='lat' dir='ltr'>et</span> <span class='ocrx_word' id='word_1_213' title='bbox 1195 1661 1377 1701; x_wconf 90' lang='lat' dir='ltr'>Dionisia</span> <span class='ocrx_word' id='word_1_214' title='bbox 1396 1670 1712 1712; x_wconf 88' lang='lat' dir='ltr'>recognoverunt</span> <span class='ocrx_word' id='word_1_215' title='bbox 1733 1675 1817 1712; x_wconf 90' lang='lat' dir='ltr'>pre-</span> 
     </span>
     <span class='ocr_line' id='line_1_24' title="bbox 229 1726 1818 1778; baseline -0.003 -8"><span class='ocrx_word' id='word_1_216' title='bbox 229 1730 337 1770; x_wconf 84' lang='lat' dir='ltr'>dicta</span> <span class='ocrx_word' id='word_1_217' title='bbox 354 1736 583 1770; x_wconf 89' lang='lat' dir='ltr'>tenementa</span> <span class='ocrx_word' id='word_1_218' title='bbox 603 1741 693 1767; x_wconf 89' lang='lat' dir='ltr'>cum</span> <span class='ocrx_word' id='word_1_219' title='bbox 718 1727 972 1778; x_wconf 90' lang='lat' dir='ltr'>pertinenciis</span> <span class='ocrx_word' id='word_1_220' title='bbox 994 1741 1080 1767; x_wconf 87' lang='lat' dir='ltr'>esse</span> <span class='ocrx_word' id='word_1_221' title='bbox 1107 1728 1171 1777; x_wconf 86' lang='lat' dir='ltr'>jus</span> <span class='ocrx_word' id='word_1_222' title='bbox 1192 1726 1314 1777; x_wconf 89' lang='lat' dir='ltr'>ipsius</span> <span class='ocrx_word' id='word_1_223' title='bbox 1334 1726 1529 1776; x_wconf 89' lang='lat' dir='ltr'>Johannis</span> <span class='ocrx_word' id='word_1_224' title='bbox 1550 1728 1601 1766; x_wconf 90' lang='lat' dir='ltr'>de</span> <span class='ocrx_word' id='word_1_225' title='bbox 1621 1727 1818 1777; x_wconf 88' lang='lat' dir='ltr'>Wykham</span> 
     </span>
     <span class='ocr_line' id='line_1_25' title="bbox 229 1792 1818 1846; baseline -0.002 -12"><span class='ocrx_word' id='word_1_226' title='bbox 229 1803 271 1835; x_wconf 86' lang='lat' dir='ltr'>ut</span> <span class='ocrx_word' id='word_1_227' title='bbox 291 1795 357 1834; x_wconf 90' lang='lat' dir='ltr'>illa</span> <span class='ocrx_word' id='word_1_228' title='bbox 377 1808 454 1846; x_wconf 89' lang='lat' dir='ltr'>que</span> <span class='ocrx_word' id='word_1_229' title='bbox 473 1794 596 1833; x_wconf 90' lang='lat' dir='ltr'>iidem</span> <span class='ocrx_word' id='word_1_230' title='bbox 624 1794 829 1843; x_wconf 87' lang='lat' dir='ltr'>Johannes</span> <span class='ocrx_word' id='word_1_231' title='bbox 859 1800 898 1831; x_wconf 92' lang='lat' dir='ltr'>et</span> <span class='ocrx_word' id='word_1_232' title='bbox 927 1793 1131 1842; x_wconf 91' lang='lat' dir='ltr'>Johannes</span> <span class='ocrx_word' id='word_1_233' title='bbox 1161 1793 1212 1831; x_wconf 94' lang='lat' dir='ltr'>de</span> <span class='ocrx_word' id='word_1_234' title='bbox 1242 1793 1447 1841; x_wconf 88' lang='lat' dir='ltr'>Snaynton</span> <span class='ocrx_word' id='word_1_235' title='bbox 1466 1792 1615 1831; x_wconf 89' lang='lat' dir='ltr'>habent</span> <span class='ocrx_word' id='word_1_236' title='bbox 1635 1793 1686 1831; x_wconf 91' lang='lat' dir='ltr'>de</span> <span class='ocrx_word' id='word_1_237' title='bbox 1709 1793 1818 1831; x_wconf 90' lang='lat' dir='ltr'>dono</span> 
     </span>
     <span class='ocr_line' id='line_1_26' title="bbox 228 1856 1818 1911; baseline -0.001 -13"><span class='ocrx_word' id='word_1_238' title='bbox 228 1861 496 1911; x_wconf 89' lang='lat' dir='ltr'>predictorum</span> <span class='ocrx_word' id='word_1_239' title='bbox 517 1858 710 1910; x_wconf 87' lang='lat' dir='ltr'>Johannis</span> <span class='ocrx_word' id='word_1_240' title='bbox 733 1860 876 1907; x_wconf 89' lang='lat' dir='ltr'>Moryn</span> <span class='ocrx_word' id='word_1_241' title='bbox 899 1865 937 1896; x_wconf 86' lang='lat' dir='ltr'>et</span> <span class='ocrx_word' id='word_1_242' title='bbox 961 1857 1151 1905; x_wconf 92' lang='lat' dir='ltr'>Dionisie,</span> <span class='ocrx_word' id='word_1_243' title='bbox 1175 1864 1214 1896; x_wconf 91' lang='lat' dir='ltr'>et</span> <span class='ocrx_word' id='word_1_244' title='bbox 1234 1870 1305 1906; x_wconf 90' lang='lat' dir='ltr'>pro</span> <span class='ocrx_word' id='word_1_245' title='bbox 1325 1857 1401 1894; x_wconf 91' lang='lat' dir='ltr'>hac</span> <span class='ocrx_word' id='word_1_246' title='bbox 1427 1856 1715 1907; x_wconf 88' lang='lat' dir='ltr'>recognicione,</span> <span class='ocrx_word' id='word_1_247' title='bbox 1739 1858 1818 1897; x_wconf 88' lang='lat' dir='ltr'>fine</span> 
     </span>
     <span class='ocr_line' id='line_1_27' title="bbox 228 1922 1818 1973; baseline -0.004 -8"><span class='ocrx_word' id='word_1_248' title='bbox 228 1934 268 1965; x_wconf 90' lang='lat' dir='ltr'>et</span> <span class='ocrx_word' id='word_1_249' title='bbox 287 1925 501 1965; x_wconf 88' lang='lat' dir='ltr'>concordia</span> <span class='ocrx_word' id='word_1_250' title='bbox 529 1924 650 1963; x_wconf 86' lang='lat' dir='ltr'>iidem</span> <span class='ocrx_word' id='word_1_251' title='bbox 680 1923 884 1973; x_wconf 91' lang='lat' dir='ltr'>Johannes</span> <span class='ocrx_word' id='word_1_252' title='bbox 915 1922 966 1961; x_wconf 91' lang='lat' dir='ltr'>de</span> <span class='ocrx_word' id='word_1_253' title='bbox 995 1922 1180 1960; x_wconf 84' lang='lat' dir='ltr'>Wikham</span> <span class='ocrx_word' id='word_1_254' title='bbox 1215 1929 1253 1960; x_wconf 92' lang='lat' dir='ltr'>et</span> <span class='ocrx_word' id='word_1_255' title='bbox 1287 1922 1491 1971; x_wconf 88' lang='lat' dir='ltr'>Johannes</span> <span class='ocrx_word' id='word_1_256' title='bbox 1527 1923 1577 1960; x_wconf 94' lang='lat' dir='ltr'>de</span> <span class='ocrx_word' id='word_1_257' title='bbox 1612 1922 1818 1971; x_wconf 87' lang='lat' dir='ltr'>Snaynton</span> 
     </span>
     <span class='ocr_line' id='line_1_28' title="bbox 228 1984 1817 2039; baseline -0.004 -9"><span class='ocrx_word' id='word_1_258' title='bbox 228 1997 508 2030; x_wconf 89' lang='lat' dir='ltr'>concesserunt</span> <span class='ocrx_word' id='word_1_259' title='bbox 528 1987 714 2039; x_wconf 89' lang='lat' dir='ltr'>predictis</span> <span class='ocrx_word' id='word_1_260' title='bbox 743 1985 920 2037; x_wconf 89' lang='lat' dir='ltr'>Johanni</span> <span class='ocrx_word' id='word_1_261' title='bbox 949 1988 1095 2036; x_wconf 90' lang='lat' dir='ltr'>Moryn</span> <span class='ocrx_word' id='word_1_262' title='bbox 1116 1993 1155 2025; x_wconf 86' lang='lat' dir='ltr'>et</span> <span class='ocrx_word' id='word_1_263' title='bbox 1177 1984 1358 2024; x_wconf 91' lang='lat' dir='ltr'>Dionisie</span> <span class='ocrx_word' id='word_1_264' title='bbox 1388 1985 1564 2035; x_wconf 87' lang='lat' dir='ltr'>predicta</span> <span class='ocrx_word' id='word_1_265' title='bbox 1585 1992 1817 2024; x_wconf 88' lang='lat' dir='ltr'>tenementa</span> 
     </span>
     <span class='ocr_line' id='line_1_29' title="bbox 227 2049 1814 2105; baseline -0.003 -11"><span class='ocrx_word' id='word_1_266' title='bbox 227 2069 320 2094; x_wconf 90' lang='lat' dir='ltr'>curn</span> <span class='ocrx_word' id='word_1_267' title='bbox 353 2053 604 2105; x_wconf 87' lang='lat' dir='ltr'>pertinenciis</span> <span class='ocrx_word' id='word_1_268' title='bbox 638 2060 678 2091; x_wconf 87' lang='lat' dir='ltr'>et</span> <span class='ocrx_word' id='word_1_269' title='bbox 706 2051 771 2090; x_wconf 90' lang='lat' dir='ltr'>illa</span> <span class='ocrx_word' id='word_1_270' title='bbox 803 2050 858 2090; x_wconf 92' lang='lat' dir='ltr'>eis</span> <span class='ocrx_word' id='word_1_271' title='bbox 893 2051 1151 2090; x_wconf 91' lang='lat' dir='ltr'>reddiderunt</span> <span class='ocrx_word' id='word_1_272' title='bbox 1181 2050 1222 2088; x_wconf 91' lang='lat' dir='ltr'>in</span> <span class='ocrx_word' id='word_1_273' title='bbox 1252 2050 1392 2088; x_wconf 91' lang='lat' dir='ltr'>eadem</span> <span class='ocrx_word' id='word_1_274' title='bbox 1414 2049 1545 2096; x_wconf 88' lang='lat' dir='ltr'>Curia,</span> <span class='ocrx_word' id='word_1_275' title='bbox 1567 2050 1755 2088; x_wconf 87' lang='lat' dir='ltr'>habenda</span> <span class='ocrx_word' id='word_1_276' title='bbox 1775 2058 1814 2089; x_wconf 90' lang='lat' dir='ltr'>et</span> 
     </span>
     <span class='ocr_line' id='line_1_30' title="bbox 227 2113 1815 2166; baseline -0.004 -7"><span class='ocrx_word' id='word_1_277' title='bbox 227 2120 401 2159; x_wconf 89' lang='lat' dir='ltr'>tenenda</span> <span class='ocrx_word' id='word_1_278' title='bbox 451 2118 602 2157; x_wconf 87' lang='lat' dir='ltr'>eisdem</span> <span class='ocrx_word' id='word_1_279' title='bbox 650 2115 825 2166; x_wconf 89' lang='lat' dir='ltr'>Johanni</span> <span class='ocrx_word' id='word_1_280' title='bbox 873 2117 1019 2165; x_wconf 91' lang='lat' dir='ltr'>Moryn</span> <span class='ocrx_word' id='word_1_281' title='bbox 1057 2122 1095 2154; x_wconf 93' lang='lat' dir='ltr'>et</span> <span class='ocrx_word' id='word_1_282' title='bbox 1134 2113 1315 2153; x_wconf 90' lang='lat' dir='ltr'>Dionisie</span> <span class='ocrx_word' id='word_1_283' title='bbox 1363 2120 1402 2153; x_wconf 89' lang='lat' dir='ltr'>et</span> <span class='ocrx_word' id='word_1_284' title='bbox 1441 2114 1654 2153; x_wconf 88' lang='lat' dir='ltr'>heredibus</span> <span class='ocrx_word' id='word_1_285' title='bbox 1692 2114 1815 2164; x_wconf 89' lang='lat' dir='ltr'>ipsius</span> 
     </span>
     <span class='ocr_line' id='line_1_31' title="bbox 224 2178 1816 2234; baseline -0.003 -12"><span class='ocrx_word' id='word_1_286' title='bbox 224 2183 419 2234; x_wconf 90' lang='lat' dir='ltr'>Johannis</span> <span class='ocrx_word' id='word_1_287' title='bbox 440 2184 490 2222; x_wconf 92' lang='lat' dir='ltr'>de</span> <span class='ocrx_word' id='word_1_288' title='bbox 510 2194 676 2232; x_wconf 91' lang='lat' dir='ltr'>corpore</span> <span class='ocrx_word' id='word_1_289' title='bbox 704 2193 776 2219; x_wconf 92' lang='lat' dir='ltr'>suo</span> <span class='ocrx_word' id='word_1_290' title='bbox 806 2179 1019 2230; x_wconf 92' lang='lat' dir='ltr'>procreatis</span> <span class='ocrx_word' id='word_1_291' title='bbox 1053 2180 1104 2218; x_wconf 90' lang='lat' dir='ltr'>de</span> <span class='ocrx_word' id='word_1_292' title='bbox 1137 2178 1370 2229; x_wconf 84' lang='lat' dir='ltr'>capitalibus</span> <span class='ocrx_word' id='word_1_293' title='bbox 1391 2178 1564 2218; x_wconf 88' lang='lat' dir='ltr'>dominis</span> <span class='ocrx_word' id='word_1_294' title='bbox 1585 2179 1694 2218; x_wconf 84' lang='lat' dir='ltr'>feodi</span> <span class='ocrx_word' id='word_1_295' title='bbox 1714 2179 1816 2218; x_wconf 93' lang='lat' dir='ltr'>illius</span> 
     </span>
    </p>
   </div>
   <div class='ocr_carea' id='block_1_3' title="bbox 222 2307 1815 3067">
    <p class='ocr_par' dir='ltr' id='par_1_4' title="bbox 224 2307 1815 2545">
     <span class='ocr_line' id='line_1_32' title="bbox 224 2307 1815 2358; baseline -0.003 -6"><span class='ocrx_word' id='word_1_296' title='bbox 224 2314 292 2353; x_wconf 88' lang='lat' dir='ltr'>the</span> <span class='ocrx_word' id='word_1_297' title='bbox 312 2314 511 2352; x_wconf 90' lang='lat' dir='ltr'>Common</span> <span class='ocrx_word' id='word_1_298' title='bbox 532 2311 680 2357; x_wconf 91' lang='lat' dir='ltr'>Bench,</span> <span class='ocrx_word' id='word_1_299' title='bbox 701 2309 781 2348; x_wconf 90' lang='lat' dir='ltr'>and</span> <span class='ocrx_word' id='word_1_300' title='bbox 802 2308 979 2347; x_wconf 86' lang='lat' dir='ltr'>directed</span> <span class='ocrx_word' id='word_1_301' title='bbox 999 2308 1108 2346; x_wconf 90' lang='lat' dir='ltr'>them</span> <span class='ocrx_word' id='word_1_302' title='bbox 1124 2314 1165 2346; x_wconf 92' lang='lat' dir='ltr'>to</span> <span class='ocrx_word' id='word_1_303' title='bbox 1185 2307 1339 2357; x_wconf 90' lang='lat' dir='ltr'>inspect</span> <span class='ocrx_word' id='word_1_304' title='bbox 1359 2307 1398 2354; x_wconf 90' lang='lat' dir='ltr'>it,</span> <span class='ocrx_word' id='word_1_305' title='bbox 1421 2308 1501 2346; x_wconf 90' lang='lat' dir='ltr'>and</span> <span class='ocrx_word' id='word_1_306' title='bbox 1521 2307 1667 2358; x_wconf 87' lang='lat' dir='ltr'>having</span> <span class='ocrx_word' id='word_1_307' title='bbox 1686 2309 1815 2347; x_wconf 91' lang='lat' dir='ltr'>called</span> 
     </span>
     <span class='ocr_line' id='line_1_33' title="bbox 226 2371 1814 2422; baseline -0.004 -5"><span class='ocrx_word' id='word_1_308' title='bbox 226 2378 361 2417; x_wconf 88' lang='lat' dir='ltr'>before</span> <span class='ocrx_word' id='word_1_309' title='bbox 381 2378 487 2415; x_wconf 91' lang='lat' dir='ltr'>them</span> <span class='ocrx_word' id='word_1_310' title='bbox 510 2376 606 2414; x_wconf 89' lang='lat' dir='ltr'>such</span> <span class='ocrx_word' id='word_1_311' title='bbox 626 2388 668 2413; x_wconf 89' lang='lat' dir='ltr'>as</span> <span class='ocrx_word' id='word_1_312' title='bbox 697 2374 818 2412; x_wconf 93' lang='lat' dir='ltr'>could</span> <span class='ocrx_word' id='word_1_313' title='bbox 846 2372 934 2422; x_wconf 86' lang='lat' dir='ltr'>give</span> <span class='ocrx_word' id='word_1_314' title='bbox 953 2371 1129 2410; x_wconf 90' lang='lat' dir='ltr'>material</span> <span class='ocrx_word' id='word_1_315' title='bbox 1150 2371 1351 2418; x_wconf 87' lang='lat' dir='ltr'>evidence,</span> <span class='ocrx_word' id='word_1_316' title='bbox 1374 2372 1455 2410; x_wconf 85' lang='lat' dir='ltr'>and</span> <span class='ocrx_word' id='word_1_317' title='bbox 1475 2373 1598 2410; x_wconf 83' lang='lat' dir='ltr'>heard</span> <span class='ocrx_word' id='word_1_318' title='bbox 1618 2373 1686 2411; x_wconf 88' lang='lat' dir='ltr'>the</span> <span class='ocrx_word' id='word_1_319' title='bbox 1706 2386 1814 2422; x_wconf 88' lang='lat' dir='ltr'>argu-</span> 
     </span>
     <span class='ocr_line' id='line_1_34' title="bbox 226 2435 1814 2488; baseline -0.004 -7"><span class='ocrx_word' id='word_1_320' title='bbox 226 2449 355 2482; x_wconf 90' lang='lat' dir='ltr'>ments</span> <span class='ocrx_word' id='word_1_321' title='bbox 374 2441 472 2480; x_wconf 88' lang='lat' dir='ltr'>both</span> <span class='ocrx_word' id='word_1_322' title='bbox 493 2439 597 2479; x_wconf 92' lang='lat' dir='ltr'>sides</span> <span class='ocrx_word' id='word_1_323' title='bbox 625 2452 668 2478; x_wconf 89' lang='lat' dir='ltr'>as</span> <span class='ocrx_word' id='word_1_324' title='bbox 688 2445 729 2478; x_wconf 93' lang='lat' dir='ltr'>to</span> <span class='ocrx_word' id='word_1_325' title='bbox 750 2437 943 2488; x_wconf 85' lang='lat' dir='ltr'>quashing</span> <span class='ocrx_word' id='word_1_326' title='bbox 963 2437 1031 2476; x_wconf 90' lang='lat' dir='ltr'>the</span> <span class='ocrx_word' id='word_1_327' title='bbox 1057 2437 1149 2484; x_wconf 90' lang='lat' dir='ltr'>fine,</span> <span class='ocrx_word' id='word_1_328' title='bbox 1182 2443 1223 2475; x_wconf 87' lang='lat' dir='ltr'>to</span> <span class='ocrx_word' id='word_1_329' title='bbox 1253 2435 1341 2486; x_wconf 86' lang='lat' dir='ltr'>give</span> <span class='ocrx_word' id='word_1_330' title='bbox 1370 2437 1580 2486; x_wconf 89' lang='lat' dir='ltr'>judgment</span> <span class='ocrx_word' id='word_1_331' title='bbox 1600 2436 1814 2487; x_wconf 87' lang='lat' dir='ltr'>according</span> 
     </span>
     <span class='ocr_line' id='line_1_35' title="bbox 225 2501 1028 2545; baseline -0.006 0"><span class='ocrx_word' id='word_1_332' title='bbox 225 2515 267 2545; x_wconf 89' lang='lat' dir='ltr'>to</span> <span class='ocrx_word' id='word_1_333' title='bbox 288 2507 355 2545; x_wconf 90' lang='lat' dir='ltr'>the</span> <span class='ocrx_word' id='word_1_334' title='bbox 374 2507 446 2544; x_wconf 85' lang='lat' dir='ltr'>law</span> <span class='ocrx_word' id='word_1_335' title='bbox 466 2505 546 2543; x_wconf 93' lang='lat' dir='ltr'>and</span> <span class='ocrx_word' id='word_1_336' title='bbox 567 2510 720 2542; x_wconf 88' lang='lat' dir='ltr'>custom</span> <span class='ocrx_word' id='word_1_337' title='bbox 741 2504 787 2541; x_wconf 89' lang='lat' dir='ltr'>of</span> <span class='ocrx_word' id='word_1_338' title='bbox 810 2502 878 2540; x_wconf 87' lang='lat' dir='ltr'>the</span> <span class='ocrx_word' id='word_1_339' title='bbox 897 2501 1028 2540; x_wconf 90' lang='lat' dir='ltr'>realm.</span> 
     </span>
    </p>

    <p class='ocr_par' dir='ltr' id='par_1_5' title="bbox 222 2564 1811 3067">
     <span class='ocr_line' id='line_1_36' title="bbox 277 2564 1811 2618; baseline -0.003 -9"><span class='ocrx_word' id='word_1_340' title='bbox 277 2572 367 2609; x_wconf 90' lang='lat' dir='ltr'>The</span> <span class='ocrx_word' id='word_1_341' title='bbox 386 2568 593 2618; x_wconf 89' lang='lat' dir='ltr'>transcript</span> <span class='ocrx_word' id='word_1_342' title='bbox 628 2568 674 2606; x_wconf 87' lang='lat' dir='ltr'>of</span> <span class='ocrx_word' id='word_1_343' title='bbox 697 2567 764 2605; x_wconf 90' lang='lat' dir='ltr'>the</span> <span class='ocrx_word' id='word_1_344' title='bbox 795 2567 878 2605; x_wconf 90' lang='lat' dir='ltr'>foot</span> <span class='ocrx_word' id='word_1_345' title='bbox 907 2566 952 2604; x_wconf 91' lang='lat' dir='ltr'>of</span> <span class='ocrx_word' id='word_1_346' title='bbox 975 2566 1043 2604; x_wconf 86' lang='lat' dir='ltr'>the</span> <span class='ocrx_word' id='word_1_347' title='bbox 1071 2566 1151 2604; x_wconf 91' lang='lat' dir='ltr'>fine</span> <span class='ocrx_word' id='word_1_348' title='bbox 1180 2566 1309 2604; x_wconf 86' lang='lat' dir='ltr'>stated</span> <span class='ocrx_word' id='word_1_349' title='bbox 1337 2566 1423 2604; x_wconf 90' lang='lat' dir='ltr'>that</span> <span class='ocrx_word' id='word_1_350' title='bbox 1452 2564 1481 2604; x_wconf 90' lang='lat' dir='ltr'>it</span> <span class='ocrx_word' id='word_1_351' title='bbox 1511 2578 1586 2604; x_wconf 88' lang='lat' dir='ltr'>was</span> <span class='ocrx_word' id='word_1_352' title='bbox 1620 2565 1751 2605; x_wconf 88' lang='lat' dir='ltr'>levied</span> <span class='ocrx_word' id='word_1_353' title='bbox 1771 2573 1811 2605; x_wconf 87' lang='lat' dir='ltr'>at</span> 
     </span>
     <span class='ocr_line' id='line_1_37' title="bbox 225 2630 1810 2681; baseline -0.003 -8"><span class='ocrx_word' id='word_1_354' title='bbox 225 2635 335 2673; x_wconf 90' lang='lat' dir='ltr'>York</span> <span class='ocrx_word' id='word_1_355' title='bbox 354 2647 407 2672; x_wconf 94' lang='lat' dir='ltr'>on</span> <span class='ocrx_word' id='word_1_356' title='bbox 427 2634 493 2672; x_wconf 91' lang='lat' dir='ltr'>the</span> <span class='ocrx_word' id='word_1_357' title='bbox 514 2645 678 2671; x_wconf 87' lang='lat' dir='ltr'>morrow</span> <span class='ocrx_word' id='word_1_358' title='bbox 691 2632 736 2669; x_wconf 90' lang='lat' dir='ltr'>of</span> <span class='ocrx_word' id='word_1_359' title='bbox 747 2630 992 2678; x_wconf 86' lang='lat' dir='ltr'>MartinmaS,</span> <span class='ocrx_word' id='word_1_360' title='bbox 1014 2643 1127 2680; x_wconf 85' lang='lat'>1333,</span> <span class='ocrx_word' id='word_1_361' title='bbox 1141 2631 1275 2669; x_wconf 81' lang='lat' dir='ltr'>before</span> <span class='ocrx_word' id='word_1_362' title='bbox 1288 2630 1457 2669; x_wconf 88' lang='lat' dir='ltr'>William</span> <span class='ocrx_word' id='word_1_363' title='bbox 1479 2631 1529 2670; x_wconf 93' lang='lat' dir='ltr'>de</span> <span class='ocrx_word' id='word_1_364' title='bbox 1550 2632 1685 2678; x_wconf 91' lang='lat' dir='ltr'>Herle,</span> <span class='ocrx_word' id='word_1_365' title='bbox 1703 2632 1810 2681; x_wconf 91' lang='lat' dir='ltr'>John</span> 
     </span>
     <span class='ocr_line' id='line_1_38' title="bbox 226 2694 1806 2747; baseline -0.003 -8"><span class='ocrx_word' id='word_1_366' title='bbox 226 2701 276 2739; x_wconf 91' lang='lat' dir='ltr'>de</span> <span class='ocrx_word' id='word_1_367' title='bbox 297 2700 450 2744; x_wconf 87' lang='lat' dir='ltr'>Stonor‚</span> <span class='ocrx_word' id='word_1_368' title='bbox 473 2698 579 2747; x_wconf 89' lang='lat' dir='ltr'>John</span> <span class='ocrx_word' id='word_1_369' title='bbox 610 2697 661 2734; x_wconf 91' lang='lat' dir='ltr'>de</span> <span class='ocrx_word' id='word_1_370' title='bbox 693 2694 941 2745; x_wconf 87' lang='lat' dir='ltr'>Cambridge,</span> <span class='ocrx_word' id='word_1_371' title='bbox 963 2695 1071 2744; x_wconf 91' lang='lat' dir='ltr'>John</span> <span class='ocrx_word' id='word_1_372' title='bbox 1104 2695 1155 2733; x_wconf 93' lang='lat' dir='ltr'>de</span> <span class='ocrx_word' id='word_1_373' title='bbox 1182 2696 1292 2744; x_wconf 88' lang='lat' dir='ltr'>Inge,</span> <span class='ocrx_word' id='word_1_374' title='bbox 1322 2696 1429 2745; x_wconf 89' lang='lat' dir='ltr'>John</span> <span class='ocrx_word' id='word_1_375' title='bbox 1464 2696 1514 2734; x_wconf 93' lang='lat' dir='ltr'>de</span> <span class='ocrx_word' id='word_1_376' title='bbox 1546 2696 1806 2741; x_wconf 80' lang='lat' dir='ltr'>Shardelowe,</span> 
     </span>
     <span class='ocr_line' id='line_1_39' title="bbox 226 2759 1809 2810; baseline -0.003 -7"><span class='ocrx_word' id='word_1_377' title='bbox 226 2763 402 2803; x_wconf 89' lang='lat' dir='ltr'>Richard</span> <span class='ocrx_word' id='word_1_378' title='bbox 421 2763 472 2801; x_wconf 91' lang='lat' dir='ltr'>de</span> <span class='ocrx_word' id='word_1_379' title='bbox 490 2761 763 2810; x_wconf 87' lang='lat' dir='ltr'>Aldborough,</span> <span class='ocrx_word' id='word_1_380' title='bbox 782 2760 863 2798; x_wconf 91' lang='lat' dir='ltr'>and</span> <span class='ocrx_word' id='word_1_381' title='bbox 883 2759 1053 2797; x_wconf 89' lang='lat' dir='ltr'>William</span> <span class='ocrx_word' id='word_1_382' title='bbox 1073 2759 1124 2797; x_wconf 93' lang='lat' dir='ltr'>de</span> <span class='ocrx_word' id='word_1_383' title='bbox 1145 2760 1380 2806; x_wconf 88' lang='lat' dir='ltr'>Shareshull‚</span> <span class='ocrx_word' id='word_1_384' title='bbox 1403 2760 1583 2809; x_wconf 89' lang='lat' dir='ltr'>Justices,</span> <span class='ocrx_word' id='word_1_385' title='bbox 1605 2761 1686 2800; x_wconf 91' lang='lat' dir='ltr'>and</span> <span class='ocrx_word' id='word_1_386' title='bbox 1698 2762 1809 2799; x_wconf 89' lang='lat' dir='ltr'>after-</span> 
     </span>
     <span class='ocr_line' id='line_1_40' title="bbox 223 2823 1805 2875; baseline -0.003 -8"><span class='ocrx_word' id='word_1_387' title='bbox 223 2829 348 2867; x_wconf 88' lang='lat' dir='ltr'>wards</span> <span class='ocrx_word' id='word_1_388' title='bbox 368 2826 559 2866; x_wconf 89' lang='lat' dir='ltr'>recorded</span> <span class='ocrx_word' id='word_1_389' title='bbox 578 2825 619 2863; x_wconf 93' lang='lat' dir='ltr'>in</span> <span class='ocrx_word' id='word_1_390' title='bbox 638 2826 706 2864; x_wconf 92' lang='lat' dir='ltr'>the</span> <span class='ocrx_word' id='word_1_391' title='bbox 726 2826 865 2863; x_wconf 86' lang='lat' dir='ltr'>Easter</span> <span class='ocrx_word' id='word_1_392' title='bbox 884 2825 1005 2862; x_wconf 90' lang='lat' dir='ltr'>Term</span> <span class='ocrx_word' id='word_1_393' title='bbox 1027 2823 1234 2873; x_wconf 90' lang='lat' dir='ltr'>following,</span> <span class='ocrx_word' id='word_1_394' title='bbox 1255 2825 1391 2863; x_wconf 89' lang='lat' dir='ltr'>before</span> <span class='ocrx_word' id='word_1_395' title='bbox 1406 2825 1472 2864; x_wconf 89' lang='lat' dir='ltr'>the</span> <span class='ocrx_word' id='word_1_396' title='bbox 1493 2837 1603 2864; x_wconf 89' lang='lat' dir='ltr'>same</span> <span class='ocrx_word' id='word_1_397' title='bbox 1622 2825 1805 2875; x_wconf 90' lang='lat' dir='ltr'>Justices.</span> 
     </span>
     <span class='ocr_line' id='line_1_41' title="bbox 225 2888 1808 2939; baseline -0.002 -8"><span class='ocrx_word' id='word_1_398' title='bbox 225 2894 262 2930; x_wconf 92' lang='lat' dir='ltr'>It</span> <span class='ocrx_word' id='word_1_399' title='bbox 282 2905 357 2931; x_wconf 86' lang='lat' dir='ltr'>was</span> <span class='ocrx_word' id='word_1_400' title='bbox 376 2898 418 2930; x_wconf 89' lang='lat' dir='ltr'>to</span> <span class='ocrx_word' id='word_1_401' title='bbox 438 2891 505 2930; x_wconf 88' lang='lat' dir='ltr'>the</span> <span class='ocrx_word' id='word_1_402' title='bbox 525 2891 639 2929; x_wconf 87' lang='lat' dir='ltr'>effect</span> <span class='ocrx_word' id='word_1_403' title='bbox 668 2889 826 2938; x_wconf 89' lang='lat' dir='ltr'>already</span> <span class='ocrx_word' id='word_1_404' title='bbox 854 2888 995 2934; x_wconf 87' lang='lat' dir='ltr'>stated,</span> <span class='ocrx_word' id='word_1_405' title='bbox 1026 2895 1165 2938; x_wconf 87' lang='lat' dir='ltr'>except</span> <span class='ocrx_word' id='word_1_406' title='bbox 1194 2889 1278 2926; x_wconf 88' lang='lat' dir='ltr'>that</span> <span class='ocrx_word' id='word_1_407' title='bbox 1307 2888 1375 2927; x_wconf 89' lang='lat' dir='ltr'>the</span> <span class='ocrx_word' id='word_1_408' title='bbox 1403 2896 1516 2939; x_wconf 89' lang='lat' dir='ltr'>grant</span> <span class='ocrx_word' id='word_1_409' title='bbox 1545 2890 1596 2939; x_wconf 92' lang='lat' dir='ltr'>by</span> <span class='ocrx_word' id='word_1_410' title='bbox 1628 2890 1736 2939; x_wconf 91' lang='lat' dir='ltr'>John</span> <span class='ocrx_word' id='word_1_411' title='bbox 1756 2890 1808 2928; x_wconf 93' lang='lat' dir='ltr'>de</span> 
     </span>
     <span class='ocr_line' id='line_1_42' title="bbox 224 2950 1803 3005; baseline -0.002 -11"><span class='ocrx_word' id='word_1_412' title='bbox 224 2956 441 3005; x_wconf 89' lang='lat' dir='ltr'>Wykeham</span> <span class='ocrx_word' id='word_1_413' title='bbox 462 2955 541 2993; x_wconf 90' lang='lat' dir='ltr'>and</span> <span class='ocrx_word' id='word_1_414' title='bbox 561 2954 667 3003; x_wconf 88' lang='lat' dir='ltr'>John</span> <span class='ocrx_word' id='word_1_415' title='bbox 687 2953 738 2992; x_wconf 92' lang='lat' dir='ltr'>de</span> <span class='ocrx_word' id='word_1_416' title='bbox 758 2951 951 2991; x_wconf 88' lang='lat' dir='ltr'>Snainton</span> <span class='ocrx_word' id='word_1_417' title='bbox 970 2964 1046 2990; x_wconf 86' lang='lat' dir='ltr'>was</span> <span class='ocrx_word' id='word_1_418' title='bbox 1075 2958 1116 2990; x_wconf 90' lang='lat' dir='ltr'>to</span> <span class='ocrx_word' id='word_1_419' title='bbox 1137 2950 1196 2990; x_wconf 91' lang='lat' dir='ltr'>Sir</span> <span class='ocrx_word' id='word_1_420' title='bbox 1216 2953 1322 3002; x_wconf 87' lang='lat' dir='ltr'>John</span> <span class='ocrx_word' id='word_1_421' title='bbox 1343 2954 1422 2991; x_wconf 92' lang='lat' dir='ltr'>and</span> <span class='ocrx_word' id='word_1_422' title='bbox 1442 2953 1502 2991; x_wconf 93' lang='lat' dir='ltr'>his</span> <span class='ocrx_word' id='word_1_423' title='bbox 1523 2953 1620 3002; x_wconf 89' lang='lat' dir='ltr'>wife,</span> <span class='ocrx_word' id='word_1_424' title='bbox 1642 2953 1803 3001; x_wconf 90' lang='lat' dir='ltr'>Denise,</span> 
     </span>
     <span class='ocr_line' id='line_1_43' title="bbox 222 3015 1803 3067; baseline -0.001 -9"><span class='ocrx_word' id='word_1_425' title='bbox 222 3021 301 3059; x_wconf 89' lang='lat' dir='ltr'>and</span> <span class='ocrx_word' id='word_1_426' title='bbox 339 3021 405 3059; x_wconf 91' lang='lat' dir='ltr'>the</span> <span class='ocrx_word' id='word_1_427' title='bbox 441 3018 543 3058; x_wconf 88' lang='lat' dir='ltr'>heirs</span> <span class='ocrx_word' id='word_1_428' title='bbox 582 3019 625 3057; x_wconf 89' lang='lat' dir='ltr'>of</span> <span class='ocrx_word' id='word_1_429' title='bbox 663 3017 730 3056; x_wconf 92' lang='lat' dir='ltr'>the</span> <span class='ocrx_word' id='word_1_430' title='bbox 763 3017 869 3067; x_wconf 92' lang='lat' dir='ltr'>body</span> <span class='ocrx_word' id='word_1_431' title='bbox 903 3017 947 3055; x_wconf 90' lang='lat' dir='ltr'>of</span> <span class='ocrx_word' id='word_1_432' title='bbox 971 3015 1030 3055; x_wconf 89' lang='lat' dir='ltr'>Sir</span> <span class='ocrx_word' id='word_1_433' title='bbox 1077 3016 1193 3066; x_wconf 87' lang='lat' dir='ltr'>John,</span> <span class='ocrx_word' id='word_1_434' title='bbox 1239 3018 1317 3056; x_wconf 87' lang='lat' dir='ltr'>and</span> <span class='ocrx_word' id='word_1_435' title='bbox 1360 3017 1399 3056; x_wconf 89' lang='lat' dir='ltr'>in</span> <span class='ocrx_word' id='word_1_436' title='bbox 1430 3019 1579 3057; x_wconf 89' lang='lat' dir='ltr'>default</span> <span class='ocrx_word' id='word_1_437' title='bbox 1625 3019 1671 3057; x_wconf 93' lang='lat' dir='ltr'>of</span> <span class='ocrx_word' id='word_1_438' title='bbox 1706 3018 1803 3057; x_wconf 90' lang='lat' dir='ltr'>such</span> 
     </span>
    </p>
   </div>
  </div>
 </body>
</html>
