2044 3491
234 249 311 300 148
595 253 769 288 DUCHY
800 253 862 286 OF
895 253 1186 286 LANCASTER
1218 255 1452 288 RECORDs.

229 356 285 395 eis
305 355 398 394 inde
418 354 503 394 dies
534 367 659 404 usque
692 353 798 409 diem
831 344 944 392 Lun‘e
977 353 1199 403 proximum
1233 360 1324 403 post
1355 355 1496 392 festum
1535 350 1749 391 Dominice
1778 350 1820 389 in

228 419 368 458 Ramis
389 419 613 471 Palmarum
633 413 740 467 apud
761 417 955 467 Pikeryng
981 419 1031 456 de
1065 417 1267 456 audiendo
1304 419 1398 458 inde
1428 418 1580 468 judicio
1611 430 1694 456 suo.
1753 417 1820 455 Ad

229 498 349 536 quern
369 484 475 524 diem
503 473 614 533 apud
648 483 842 532 Pikeryng
875 495 1005 520 coram
1039 481 1196 531 prefatis
1230 482 1405 522 Ricardo
1441 484 1491 522 de
1524 482 1749 533 Wylughby
1780 487 1820 519 et

227 551 411 600 Johanne
431 549 482 587 de
503 549 713 597 Hambury
732 553 923 585 venerunt
943 554 1023 585 tam
1044 547 1210 596 predicti
1232 547 1341 587 Prior
1361 557 1398 587 et
1420 551 1573 587 Fratres
1604 561 1672 597 per
1701 553 1820 584 attor-

227 622 364 653 natum
385 627 496 653 suurn
518 613 737 664 predictum
759 626 876 662 quam
898 612 1096 662 predictus
1128 612 1328 651 Henricus
1360 620 1397 651 et
1429 613 1575 652 deinde
1609 612 1723 650 datus
1759 616 1819 648 est

227 679 283 718 eis
304 680 397 718 inde
417 679 501 718 dies
521 691 647 728 usque
679 677 783 716 diem
821 676 958 715 Martis
990 677 1210 726 proximum
1245 685 1335 727 post
1370 677 1513 716 festum
1548 672 1816 713 Exaltacionis

228 745 371 783 Sancte
392 742 529 783 Crucis
551 745 600 781 de
621 741 822 781 audiendo
843 741 935 780 inde
953 741 1103 791 judicio
1124 749 1197 779 etc.

283 809 428 846 Postea
457 808 565 857 apud
606 806 798 856 Pikeryng
836 819 968 844 coram
1006 805 1166 856 prefatis
1207 806 1383 845 Ricardo
1434 807 1484 844 de
1514 803 1738 854 Wylughby
1777 807 1816 839 et

227 874 412 922 Johanne
433 873 483 911 de
505 872 727 921 Hambmy,
750 879 835 919 etc.,
859 879 1052 910 venerunt
1072 878 1152 909 tam
1174 871 1341 920 predicti
1363 871 1473 909 Prior
1502 877 1540 909 et
1571 871 1726 907 Fratres
1746 879 1816 917 per

226 945 466 977 attornatum
489 951 602 976 suurn
624 936 844 986 predictum
866 949 985 986 quarn
1015 935 1215 985 predictus
1251 935 1460 974 Henricus.
1522 936 1572 973 Et
1606 932 1699 983 quia
1733 944 1816 981 pre-

228 1003 324 1041 dicti
344 1002 558 1052 Justiciarii
579 1002 758 1039 nondum
789 1000 986 1039 avisantur
1007 1002 1057 1039 ad
1076 999 1268 1050 judicium
1298 1001 1392 1039 inde
1426 1000 1676 1038 reddendum
1698 997 1814 1035 datus

227 1076 285 1106 est
307 1068 361 1106 eis
379 1067 462 1105 dies
479 1080 612 1105 coram
636 1065 811 1104 Domino
829 1067 940 1115 Rege
962 1066 1000 1103 in
1018 1064 1189 1103 crastino
1205 1064 1436 1102 Animarum
1455 1064 1706 1112 ubicumque,
1725 1069 1812 1107 ete„

226 1134 277 1171 de
297 1132 499 1171 audiendo
519 1133 636 1170 breve
657 1132 707 1170 de
729 1129 841 1183 [311]
872 1130 1005 1169 venire
1026 1129 1209 1168 faciendo
1230 1131 1438 1168 recordum
1460 1137 1555 1168 tunc
1583 1128 1731 1167 ibidem
1761 1126 1813 1164 ad

225 1197 331 1236 diem
351 1197 572 1247 predictum
604 1195 696 1249 [sic]
758 1198 900 1234 Postea
921 1195 1104 1234 dominus
1125 1196 1213 1232 Rex
1242 1195 1443 1234 mandavit
1465 1196 1616 1244 prefato
1637 1192 1813 1231 Ricardo

225 1264 275 1301 de
296 1263 516 1312 Wylughby
537 1262 654 1300 breve
675 1274 791 1298 suum
812 1261 989 1298 clausum
1012 1259 1051 1296 in
1072 1260 1146 1298 hec
1167 1261 1307 1308 verba3
1331 1261 1549 1298 Edwardus
1582 1257 1658 1296 Dei
1684 1255 1813 1307 gracia

223 1328 312 1364 Rex
334 1326 474 1376 Anglie
494 1326 680 1365 dominus
705 1323 897 1363 Hibernie
918 1331 956 1362 et
977 1325 1054 1362 dux
1086 1325 1328 1375 Aquitannie
1350 1326 1496 1363 dilecto
1531 1332 1571 1363 et
1603 1323 1710 1362 fideli
1740 1335 1813 1360 suo

223 1391 397 1429 Ricardo
419 1392 469 1429 de
498 1391 719 1440 Wylughby
751 1390 927 1427 salutem.
989 1390 1089 1428 Cum
1121 1404 1190 1429 vos
1230 1398 1268 1429 et
1308 1390 1405 1428 socii
1434 1389 1561 1437 vestri,
1598 1386 1812 1439 Justiciarii

221 1455 358 1503 nostri,
396 1456 447 1494 ad
486 1455 629 1505 placita
668 1456 810 1493 foreste
841 1454 881 1492 in
916 1455 1061 1492 foresta
1097 1455 1264 1494 Henrici
1299 1455 1466 1494 Comitis
1503 1453 1732 1492 Lancastrie
1761 1453 1813 1491 de

221 1520 418 1569 Pikeryng
447 1519 488 1557 in
522 1519 711 1558 comitatu
744 1517 987 1557 Eboracensi
1021 1521 1193 1558 tenenda
1227 1519 1414 1569 assignati
1436 1518 1571 1558 onmia
1591 1517 1729 1556 clamia
1762 1518 1813 1555 de

220 1585 383 1624 diversis
404 1584 649 1623 libertatibus
679 1597 747 1633 per
767 1584 933 1622 dilectos
955 1583 1069 1622 nobis
1104 1584 1145 1622 in
1179 1584 1338 1624 Christo
1374 1584 1550 1623 Priorem
1583 1591 1622 1622 et
1656 1585 1810 1621 Fratres

222 1648 443 1698 Hospitalis
461 1647 595 1687 Sancti
629 1647 823 1697 johannis
857 1650 1072 1697 Jerusalem
1110 1649 1149 1686 in
1183 1649 1326 1699 Anglia
1357 1648 1517 1687 racione
1552 1655 1741 1686 terrarum
1773 1653 1812 1684 et

219 1719 539 1751 tenementorum
589 1711 883 1750 dominicorum
918 1713 1143 1751 libertatum
1174 1711 1226 1766 [Ρ]
1259 1727 1335 1763 que
1368 1715 1526 1752 fuerunt
1563 1711 1743 1762 Magistri
1773 1718 1812 1750 et

220 1779 398 1816 Fratrum
438 1776 587 1815 ordinis
624 1775 774 1814 Milicie
809 1777 966 1826 Templi
1001 1777 1040 1815 in
1071 1779 1214 1828 Anglia
1243 1778 1318 1817 sibi
1347 1778 1635 1827 assignatorum
1675 1790 1811 1815 coram

219 1841 332 1880 vobis
353 1849 392 1880 et
413 1840 529 1879 sociis
550 1841 688 1880 vestris
709 1841 895 1891 predictis
917 1843 956 1879 in
978 1843 1120 1881 eadem
1142 1844 1287 1881 foresta
1308 1843 1493 1881 habenda
1522 1843 1625 1880 facta
1653 1849 1813 1891 propter

219 1907 413 1956 quasdam
449 1906 700 1944 difficultates
732 1905 772 1943 in
805 1906 957 1945 eisdem
987 1906 1138 1945 clamiis
1170 1907 1478 1946 intervenientes
1512 1920 1648 1945 coram
1696 1905 1812 1944 nobis

220 1970 520 2020 adjornaveritis
559 1978 601 2009 ut
640 1970 875 2020 accepimus,
910 1971 1021 2010 vobis
1053 1972 1289 2010 mandamus
1324 1973 1434 2021 quod
1468 1971 1499 2009 si
1533 1971 1587 2009 ita
1619 1978 1687 2018 est,
1718 1978 1813 2009 tunc

221 2034 356 2072 omnia
395 2034 537 2072 clamia
571 2034 761 2084 predicta,
797 2048 955 2074 necnon
988 2037 1197 2074 recordum
1233 2044 1271 2075 et
1305 2050 1512 2086 processus
1547 2035 1640 2074 inde
1679 2049 1813 2073 coram

219 2099 331 2137 vobis
352 2099 497 2146 habita,
520 2112 654 2137 coram
675 2099 789 2138 nobis
819 2100 1060 2150 ubicumque
1095 2101 1284 2139 fuerimus
1319 2102 1358 2139 in
1396 2100 1539 2151 Anglia
1573 2101 1648 2138 sub
1678 2100 1809 2149 sigillo

221 2171 350 2202 vestro
390 2164 473 2202 sine
506 2164 703 2203 dilacione
734 2164 897 2203 mittatis
929 2166 1042 2214 juxta
1072 2167 1419 2215 adjornamentum
1453 2155 1690 2215 predictum,
1733 2166 1813 2203 hoc

220 2229 339 2266 breve
358 2228 472 2266 nobis
493 2228 745 2267 remittentes.
806 2231 927 2268 Teste
959 2232 1154 2269 Edwardo
1192 2232 1307 2270 Duce
1340 2231 1545 2270 Cornubie
1579 2238 1617 2269 et
1654 2229 1812 2269 Comite

223 2293 375 2332 Cestrie
396 2292 476 2330 filio
498 2300 632 2330 nostro
654 2292 855 2332 carissimo
876 2296 1042 2333 custode
1063 2295 1207 2344 Anglie
1228 2297 1336 2345 apud
1368 2298 1612 2345 Kenyngton
1633 2294 1723 2344 xviij
1746 2293 1812 2332 die

223 2421 421 2472 following
455 2421 495 2460 in
527 2423 593 2461 the
624 2424 747 2462 Court
767 2425 812 2461 of
840 2423 979 2473 King's
1003 2424 1151 2470 Bench‚
1175 2424 1254 2462 and
1274 2425 1341 2462 the
1372 2424 1482 2462 Prior
1510 2425 1589 2463 and
1620 2425 1812 2463 Brethren

223 2499 322 2525 were
343 2487 518 2525 directed
550 2494 591 2526 to
626 2501 696 2526 sue
717 2496 786 2526 out
806 2502 829 2526 a
849 2488 930 2526 writ
951 2489 996 2527 of
1018 2487 1151 2527 venire
1186 2488 1304 2526 facias
1324 2487 1365 2526 in
1385 2489 1501 2526 order
1522 2495 1561 2526 to
1583 2488 1632 2527 be
1653 2489 1741 2526 able
1771 2495 1812 2526 to

222 2552 399 2601 produce
419 2552 486 2590 the
505 2553 645 2590 record
666 2553 711 2590 of
735 2553 802 2591 the
823 2560 947 2602 grant.
1004 2554 1241 2591 Afterwards
1276 2566 1298 2591 a
1319 2554 1426 2591 close
1446 2553 1529 2591 writ
1562 2560 1604 2591 to
1636 2552 1814 2592 Richard

224 2617 275 2654 de
296 2616 559 2665 Willoughby,
582 2617 702 2655 dated
731 2624 771 2655 at
802 2617 1075 2667 Kennington‚
1103 2619 1150 2655 18
1172 2618 1274 2663 Oct.,
1302 2620 1415 2666 1338,
1439 2630 1515 2655 was
1551 2624 1638 2656 sent
1672 2617 1712 2655 in
1746 2618 1813 2655 the

227 2680 366 2729 King's
396 2693 512 2719 name
541 2681 592 2730 by
625 2681 685 2719 his
728 2695 800 2720 son
836 2683 1004 2720 Edward
1040 2683 1156 2720 Duke
1199 2683 1245 2719 of
1283 2682 1506 2721 Cornwall*
1537 2682 1616 2720 and
1646 2683 1739 2720 Earl
1773 2683 1819 2720 of

227 2745 405 2791 Chester‚
439 2746 599 2794 Keeper
639 2747 683 2784 of
721 2747 917 2795 England,
950 2746 1132 2796 ordering
1170 2746 1346 2785 Richard
1385 2747 1436 2785 de
1479 2746 1733 2796 Willoughby
1770 2753 1812 2784 to

226 2809 416 2857 despatch
434 2808 518 2847 into
539 2810 605 2848 the
626 2810 751 2849 Court
772 2812 816 2848 of
842 2810 979 2861 King's
1011 2811 1148 2849 Bench
1177 2811 1244 2849 the
1274 2810 1411 2848 claims
1432 2812 1477 2849 of
1501 2811 1568 2849 the
1601 2811 1711 2849 Prior
1731 2811 1814 2849 and

228 2873 420 2910 Brethren
440 2873 604 2924 relating
623 2881 665 2912 to
686 2875 752 2912 the
781 2874 953 2913 liberties
974 2875 1142 2924 claimed
1163 2875 1203 2913 in
1224 2882 1377 2925 respect
1398 2877 1443 2914 of
1466 2876 1533 2914 the
1553 2877 1666 2914 lands
1687 2875 1814 2914 which

274 2979 291 2995 ⁴‘
315 2982 361 3012 At
378 2982 442 3013 this
457 2982 537 3014 time
553 2982 608 3014 the
626 2982 730 3013 Black
748 2983 874 3021 Prince,
893 2992 929 3013 as
944 2983 986 3013 he
1003 2994 1069 3014 was
1096 2983 1285 3016 afterwards
1312 2984 1430 3023 called,
1450 2995 1516 3016 was
1540 2995 1558 3016 a
1585 2985 1639 3015 lad
1668 2984 1705 3015 of
1724 2984 1814 3024 eight

230 3042 322 3071 years
339 3033 394 3089 old
411 3034 499 3074 only.
546 3034 690 3065 Edward
708 3034 774 3065 111.
795 3035 860 3066 had
887 3034 1012 3075 shortly
1028 3035 1139 3067 before
1163 3035 1265 3067 sailed
1293 3037 1341 3067 for
1369 3037 1528 3077 Antwerp
1552 3046 1594 3067 on
1618 3036 1668 3067 his
1687 3036 1814 3067 French

229 3092 413 3125 campaign.
