2044 3491
793 202 1029 236 COUCHER
1060 202 1203 235 BOOK.
1738 201 1795 245 99

205 303 353 343 directe
391 304 440 343 ab
479 301 628 342 oriente
666 301 705 340 in
744 302 876 340 locum
914 314 1047 340 versus
1081 300 1330 339 occidentem
1370 312 1496 349 usque
1529 300 1581 338 ad
1612 298 1793 337 semitam

203 370 406 419 quendam
423 369 622 418 jacentem
643 380 690 406 ex
723 374 832 417 parte
861 365 1020 405 australi
1049 367 1100 404 de
1130 365 1410 411 Brounhowes,
1441 371 1480 402 et
1509 363 1565 401 sic
1598 362 1691 401 inde
1725 375 1794 412 per

203 436 374 474 eandem
412 433 593 473 semitam
641 432 936 478 descendendo,
987 431 1088 469 sicut
1134 429 1242 477 dicit,
1291 441 1417 478 usque
1464 430 1515 467 ad
1563 427 1695 466 cilium
1743 428 1795 465 de

204 499 459 549 Goderikgill,
499 505 537 537 et
575 497 669 537 inde
715 510 784 547 per
833 495 1019 534 sikettum
1067 494 1353 533 descendendo
1400 506 1469 543 per
1516 491 1694 530 medium
1742 492 1794 529 de

205 563 448 613 Goderikgill
461 563 643 612 usquead
653 562 899 612 Braythwayt
911 560 979 599 ubi
993 560 1099 599 idem
1115 567 1267 598 torrens
1283 558 1389 597 cadit
1402 555 1777 596 inTroucedalebek
1785 569 1796 603 ;

204 636 243 668 et
263 630 394 678 fugare
413 629 465 667 ad
484 629 637 677 lepores
658 633 697 665 et
725 627 874 675 vulpes,
896 632 1004 663 catos
1035 631 1073 663 et
1101 631 1279 663 tessones
1308 623 1349 661 in
1381 624 1612 671 Brumpton‚
1648 619 1796 658 scilicet

204 695 303 732 infra
323 695 378 732 les
397 692 629 740 Acredikes,
650 699 688 731 et
707 692 853 730 habere
873 702 1009 740 capras
1031 702 1120 727 suas
1141 689 1399 739 depascentes
1429 687 1469 725 in
1499 686 1618 725 moris
1647 684 1727 724 suis
1757 692 1795 723 et

203 759 334 798 boscis
373 759 424 797 de
454 757 804 804 Howetonboscel,
835 755 934 793 infra
962 761 1193 804 coopertum
1237 760 1275 792 et
1314 759 1430 800 extra,
1475 750 1658 789 omnibus
1702 748 1796 788 anni

204 823 458 874 temporibus,
481 830 520 861 et
539 824 681 860 clamat
701 821 898 860 eradicare
918 821 1098 859 brueram
1119 826 1158 858 et
1177 819 1375 868 feugeram
1395 816 1435 855 in
1465 830 1576 855 mora
1604 822 1643 854 et
1672 816 1795 854 bosco

204 890 256 928 de
277 891 487 933 Howeton‚
512 895 548 927 et
569 888 693 926 eciam
714 887 849 926 fodere
869 887 1002 924 turbas
1027 874 1077 922 111
1097 884 1237 923 63(16111
1267 895 1378 921 111013
1409 889 1447 920 61
1482 894 1546 920 635
1581 894 1651 930 pro
1685 879 1797 918 libito

206 967 278 992 suo
299 955 471 993 vendere
492 960 530 992 et
550 954 643 991 dare
664 959 702 991 et
724 951 867 990 cariare
889 957 995 989 extra
1014 951 1199 988 forestam
1219 954 1258 986 et
1278 946 1387 994 infra,
1410 953 1448 985 et
1469 947 1611 984 clamat
1633 944 1798 995 agistare

206 1017 246 1056 in
268 1020 469 1057 Howeton
489 1024 527 1056 et
547 1018 764 1068 proficuum
785 1013 1032 1066 agistamenti
1052 1013 1146 1052 inde
1175 1012 1375 1062 percipere
1403 1024 1475 1061 pro
1503 1010 1616 1050 libito
1646 1023 1730 1057 SUO,
1761 1017 1801 1049 et

207 1084 352 1122 clamat
389 1083 535 1122 habere
574 1082 861 1121 wodewardum
899 1080 939 1118 in
978 1081 1102 1119 bosco
1150 1091 1222 1117 suo
1261 1076 1421 1128 proprio
1469 1076 1566 1115 infra
1613 1077 1798 1115 forestam

207 1147 437 1198 predictam,
460 1147 644 1186 videlicet
674 1147 714 1184 in
749 1148 984 1196 Brumpton,
1020 1152 1058 1184 et
1087 1145 1231 1183 clamat
1264 1143 1410 1182 habere
1441 1142 1729 1181 wodewardum
1759 1141 1801 1179 in

207 1214 333 1251 bosco
353 1225 425 1251 suo
445 1212 605 1262 proprio
626 1212 724 1249 infra
744 1212 930 1250 forestam
950 1210 1180 1261 predictam,
1201 1208 1387 1248 videlicet
1407 1208 1448 1245 in
1479 1209 1689 1245 Howeton.
1750 1208 1803 1245 Et

209 1277 304 1317 dicit
325 1278 434 1327 quod
454 1278 587 1327 quoad
608 1284 742 1315 tenere
762 1277 928 1314 boscum
957 1288 1071 1313 suum
1100 1275 1140 1313 in
1170 1274 1420 1312 Troucedale
1455 1279 1561 1311 extra
1595 1273 1802 1322 regardum

209 1355 280 1392 per
299 1342 442 1381 divisas
462 1342 658 1392 predictas
680 1349 718 1379 et
737 1342 868 1390 fugare
889 1341 940 1379 ad
955 1341 1121 1390 lepores,
1138 1346 1247 1378 catos
1264 1346 1303 1377 et
1320 1346 1497 1377 tessones
1512 1337 1552 1375 in
1569 1339 1804 1387 Brumpton,

211 1408 360 1447 scilicet
393 1408 491 1446 infra
522 1409 577 1446 les
611 1406 840 1454 Acredikes‚
873 1406 958 1456 ipse
990 1413 1028 1445 et
1059 1418 1197 1445 omnes
1229 1411 1499 1442 antecessores
1534 1401 1592 1440 sui
1626 1409 1807 1440 tenentes

211 1473 376 1512 manerii
396 1474 447 1512 de
468 1475 688 1522 Brumpton
717 1485 872 1522 semper
900 1485 923 1510 a
951 1479 1129 1522 tempore
1163 1482 1243 1520 quo
1277 1481 1359 1507 non
1394 1475 1499 1507 extat
1528 1466 1719 1506 memoria
1747 1467 1809 1505 usi

212 1546 303 1577 sunt
349 1539 525 1577 tenendo
571 1539 738 1577 boscum
786 1536 1006 1586 predictum
1054 1543 1141 1584 etc.‚
1183 1547 1253 1585 per
1293 1533 1436 1573 divisas
1474 1532 1670 1583 predictas
1701 1540 1807 1572 extra

212 1603 419 1653 regardum
442 1609 530 1650 etc.‚
552 1609 591 1641 et
608 1601 782 1641 similiter
802 1603 934 1651 fugare
954 1602 1006 1640 ad
1026 1602 1192 1651 lepores,
1214 1600 1363 1649 vulpes,
1386 1605 1494 1637 catos
1515 1605 1554 1637 et
1574 1604 1752 1637 tessones
1768 1597 1808 1636 in

215 1670 437 1718 Brumpton
483 1667 583 1705 infra
630 1668 687 1706 les
745 1666 973 1705 Acredikes.
1062 1667 1114 1704 Et
1161 1664 1295 1715 quoad
1342 1664 1489 1702 habere
1536 1676 1673 1713 capras
1721 1675 1808 1701 suas

215 1733 473 1782 depascentes
495 1739 582 1779 ete„
604 1738 642 1770 et
663 1730 862 1770 eradicare
882 1732 1065 1770 brueram
1086 1738 1124 1770 et
1144 1731 1320 1780 fugeram
1341 1736 1380 1768 et
1400 1730 1533 1767 turbas
1554 1729 1690 1767 fodere
1720 1735 1807 1775 etc.‚

217 1805 256 1837 et
276 1797 452 1836 similiter
471 1798 636 1847 agistare
657 1803 743 1844 etc.‚
767 1796 861 1835 dicit
878 1797 988 1846 quod
1005 1795 1191 1835 dominus
1206 1797 1294 1833 Rex
1309 1796 1363 1832 H.
1380 1794 1590 1841 secundm,
1607 1793 1811 1842 quondam

218 1928 354 1974 Hows,
377 1927 520 1965 thence
540 1927 659 1976 along
680 1927 763 1964 that
783 1927 878 1976 path
913 1926 1101 1965 downhill
1128 1932 1169 1964 to
1199 1925 1266 1963 the
1296 1925 1402 1962 brow
1435 1924 1480 1962 of
1503 1921 1812 1971 Goodrickegill,

217 1993 360 2030 thence
382 1993 498 2030 down
518 1993 584 2030 the
605 1991 665 2029 rill
685 1991 854 2041 through
874 1991 942 2029 the
961 1989 1028 2041 gill
1062 1997 1103 2028 to
1126 1988 1374 2028 Braithwaite
1404 1988 1533 2026 where
1562 1987 1591 2025 it
1619 1987 1704 2025 falls
1724 1985 1809 2025 into

216 2057 456 2096 Troutsdale
475 2057 589 2095 beck.

274 2123 343 2160 He
371 2122 454 2160 also
483 2121 619 2159 claims
649 2121 717 2159 the
746 2119 847 2170 right
878 2127 919 2158 to
951 2121 1051 2158 hunt
1084 2120 1188 2166 hare,
1221 2119 1300 2166 fox,
1335 2117 1425 2157 wild
1462 2124 1524 2155 cat
1555 2117 1634 2155 and
1665 2116 1813 2165 badger

219 2186 354 2224 within
374 2187 441 2225 the
462 2184 680 2224 Acredikes
701 2186 746 2223 of
771 2186 1004 2235 Brompton,
1027 2184 1106 2222 and
1127 2190 1167 2222 to
1188 2190 1347 2233 pasture
1375 2188 1486 2232 goats
1516 2181 1556 2219 in
1585 2182 1652 2219 the
1681 2193 1814 2219 moors

219 2252 299 2290 and
322 2251 454 2289 woods
476 2251 521 2289 of
547 2252 709 2288 Hutton
744 2250 901 2297 Bushel,
937 2249 1071 2288 within
1106 2249 1172 2288 the
1205 2255 1339 2287 covert
1371 2248 1451 2286 and
1482 2246 1658 2294 without,
1693 2253 1734 2284 at
1762 2247 1814 2284 all

220 2316 334 2354 times
356 2316 401 2354 of
416 2315 483 2353 the
503 2328 604 2365 year.
637 2316 669 2353 F
671 2315 804 2354 urther
824 2315 875 2354 he
895 2314 1031 2353 claims
1052 2315 1119 2353 the
1139 2313 1241 2364 right
1263 2315 1308 2351 of
1322 2311 1534 2363 uprooting
1548 2312 1712 2350 heather
1731 2311 1812 2349 and

220 2381 392 2420 bracken
414 2379 454 2417 in
474 2381 541 2418 the
561 2393 674 2419 moor
693 2380 774 2419 and
795 2381 909 2419 wood
930 2381 976 2418 of
998 2381 1159 2418 Hutton
1181 2379 1342 2426 Bushel,
1366 2377 1525 2428 digging
1544 2384 1674 2415 turves
1691 2376 1812 2423 there,

221 2447 301 2485 and
330 2452 370 2484 at
399 2446 580 2495 pleasure
614 2444 764 2495 selling‚
800 2445 931 2495 giving
965 2445 1044 2483 and
1076 2443 1252 2494 carrying
1287 2444 1397 2481 them
1431 2456 1548 2491 away,
1583 2440 1718 2480 within
1748 2442 1816 2480 the

221 2511 341 2550 forest
361 2511 440 2549 and
460 2510 635 2549 without.
696 2512 764 2548 He
798 2509 935 2548 claims
965 2510 1031 2548 the
1060 2508 1161 2559 right
1191 2516 1233 2548 to
1267 2508 1365 2559 agist
1398 2507 1439 2545 in
1473 2509 1630 2546 Hutton
1666 2507 1816 2545 Bushel

222 2576 303 2614 and
341 2581 382 2614 to
420 2575 523 2624 keep
560 2575 628 2613 the
665 2576 783 2624 profit
817 2573 980 2613 derived
1018 2574 1231 2613 therefrom
1269 2575 1329 2612 for
1362 2572 1523 2611 himself
1533 2587 1543 2621 3
1591 2573 1641 2611 he
1678 2572 1815 2610 claims

224 2653 247 2678 a
275 2640 497 2679 woodward
526 2638 568 2677 in
597 2640 695 2678 each
725 2640 769 2678 of
807 2638 867 2677 his
897 2652 985 2678 own
1014 2640 1149 2678 woods
1192 2640 1238 2678 of
1273 2641 1493 2688 Brompton
1534 2639 1614 2677 and
1655 2640 1815 2677 Hutton

225 2705 384 2742 Bushel,

280 2770 348 2807 He
395 2769 530 2818 pleads
578 2769 663 2807 that
709 2769 760 2807 he
802 2769 883 2807 and
929 2767 989 2806 his
1037 2775 1236 2807 ancestors
1284 2767 1448 2818 holding
1496 2769 1563 2807 the
1601 2780 1740 2806 manor
1778 2769 1823 2807 of

227 2835 446 2882 Brompton
476 2834 576 2871 have
606 2847 695 2872 ever
723 2835 822 2872 from
860 2833 1018 2872 ancient
1058 2833 1151 2871 time
1194 2834 1296 2872 been
1338 2834 1594 2872 accustomed
1637 2839 1678 2871 to
1721 2833 1818 2872 hold

225 2899 293 2936 the
322 2898 437 2936 wood
466 2899 509 2936 of
534 2898 770 2936 Troutsdale
789 2899 967 2936 between
987 2899 1054 2936 the
1075 2897 1311 2937 boundaries
1333 2899 1458 2937 above
1480 2905 1537 2936 set
1558 2904 1638 2944 out,
1661 2896 1818 2937 outside

226 2963 294 3001 the
324 2963 472 3012 regard,
494 2963 573 3001 and
604 2969 645 3001 to
680 2963 779 3001 hunt
813 2963 916 3011 hare,
962 2965 1038 3011 f0x‚
1070 2964 1159 3003 wild
1188 2970 1262 3012 cat,
1292 2964 1371 3002 and
1401 2963 1548 3012 badger
1590 2961 1724 3000 within
1754 2964 1820 3003 the

228 3026 455 3066 AcredikeS.

1575 3105 1657 3130 H2
