2044 3491
712 264 717 265 ⁷
756 224 993 256 COUCHER
1025 223 1167 256 BOOK.
1684 228 1698 256 1
1709 217 1756 257 81

167 334 236 361 eos
269 322 518 361 adduxerunt
551 322 602 360 ad
631 320 852 371 predictum
887 328 1059 359 castrum
1076 335 1086 368 3
1117 320 1185 370 qui
1215 320 1415 370 predictus
1448 322 1647 360 Robertus
1676 336 1759 361 non

165 387 271 425 venit
292 400 366 425 nec
386 387 492 437 prius
513 394 599 433 etc.,
623 393 681 424 set
710 393 896 424 testatum
930 393 988 424 est
1023 387 1132 435 quod
1165 394 1297 424 manet
1324 386 1364 423 in
1387 387 1591 425 Comitatu
1614 389 1760 426 Ebora-

164 451 283 494 censi‚
320 451 411 490 ideo
443 458 672 501 preceptum
713 458 771 489 est
802 450 1027 488 vicecomiti
1066 457 1138 489 etc.
1226 453 1371 489 Postea
1409 451 1517 489 venit
1556 452 1756 501 predictus

166 516 364 555 Robertus
386 529 518 554 coram
539 514 769 565 Justiciariis
799 522 838 553 et
869 528 986 565 super
1016 516 1093 554 hoc
1128 515 1333 554 convictus
1368 516 1555 554 liberatur
1583 517 1751 566 prisone.

165 583 309 619 Postea
327 580 434 619 venit
469 588 507 619 et
535 580 626 619 fecit
655 581 774 618 finem
809 593 878 630 per
905 581 918 629 j
950 593 1121 618 marcam
1151 587 1189 619 et
1219 579 1369 619 invenit
1390 588 1693 631 manucaptores
1713 589 1755 620 ut

165 652 271 695 patet
295 653 368 684 etc.

221 711 495 749 Presentatum
525 740 532 748 .
567 740 574 748 .
607 740 614 748 .
647 710 756 759 quod
811 709 876 748 die
917 709 1078 748 Sabbati
1117 709 1297 759 proximo
1337 716 1427 759 post
1468 710 1756 748 Ascensionem

166 774 332 813 Domini
364 788 470 813 anno
501 774 680 825 predicto
715 776 897 824 Rogerus
930 776 980 813 de
1013 776 1357 824 Comergesheved
1386 774 1480 813 alibi
1508 776 1751 825 redemptus,

165 839 360 878 Ricardus
399 841 512 879 Swan
555 847 731 879 mortuus
775 839 1005 878 occiderunt
1048 852 1167 877 unam
1205 839 1350 878 hissam
1389 840 1496 889 apud
1526 841 1755 878 Foulwode-

165 904 341 954 hepping
371 904 411 942 in
446 906 598 951 foresta,
623 912 661 943 et
694 911 991 954 asportaverunt
1025 916 1106 954 quo
1139 905 1358 951 voluerunt,
1382 903 1472 942 ideo
1502 911 1692 953 utsupra,
1716 911 1754 942 et

164 968 359 1007 Ricardus
381 970 431 1007 de
451 971 600 1019 Tweng
633 968 726 1007 alibi
757 969 983 1018 redemptus
1017 968 1165 1018 recepit
1198 976 1349 1019 partem
1380 968 1485 1008 dicte
1514 968 1751 1016 venacionis,

164 1032 257 1072 ideo
278 1034 328 1072 de
348 1047 396 1073 eo
418 1041 459 1072 ut
480 1047 607 1083 supra.

219 1100 492 1137 Presentatum
520 1129 528 1137 .
562 1129 569 1136 .
603 1128 610 1136 .
644 1129 651 1137 .
683 1099 792 1148 quod
823 1100 1003 1148 Rogerus
1033 1099 1083 1137 de
1108 1100 1453 1149 Comergesheved
1473 1106 1511 1138 et
1532 1098 1596 1137 alii
1616 1098 1751 1149 ignoti,

164 1162 257 1201 alibi
282 1163 489 1213 redempti,
512 1163 741 1202 occiderunt
770 1176 894 1200 unum
930 1176 1089 1201 cervum
1125 1165 1229 1213 apud
1262 1165 1476 1203 Duntweth
1506 1164 1570 1203 die
1592 1164 1754 1203 Sabbati

164 1229 204 1267 in
235 1229 453 1278 septimana
482 1229 632 1267 Pasche
652 1242 758 1267 anno
791 1229 933 1267 eodem
967 1236 1005 1267 et
1044 1242 1135 1267 eum
1171 1237 1470 1278 asportaverunt
1508 1231 1558 1268 ad
1590 1230 1753 1268 domurn

165 1293 327 1333 Ricardi
348 1295 398 1333 de
418 1296 575 1344 Tweng,
599 1293 666 1344 qui
685 1293 779 1332 alibi
799 1307 939 1332 omnes
960 1300 1051 1332 sunt
1070 1293 1277 1344 redempti,
1301 1294 1392 1333 ideo
1414 1296 1464 1333 de
1485 1295 1539 1333 eis
1559 1294 1690 1332 nichil.

219 1362 489 1398 Presentatum
519 1391 527 1399 .
559 1390 566 1398 .
599 1389 606 1398 .
641 1390 649 1397 .
681 1360 789 1408 quod
825 1358 1015 1397 Patricius
1047 1359 1098 1397 de
1129 1360 1372 1398 Westerdale
1407 1366 1445 1397 et
1478 1360 1671 1398 Walterus
1702 1359 1753 1397 de

165 1424 371 1473 Lythebek
399 1423 543 1462 mortui
573 1430 612 1462 et
640 1422 705 1461 alii
734 1422 857 1473 ignoti
887 1424 1045 1462 fuerunt
1075 1423 1254 1462 consueti
1275 1425 1547 1462 malefactores
1568 1424 1618 1461 de
1639 1436 1752 1461 vena-

163 1488 278 1528 cione
299 1489 450 1528 domini
473 1488 591 1538 Regis
621 1496 659 1527 et
689 1489 846 1527 suerunt
876 1488 1024 1538 recepti
1053 1490 1104 1527 ad
1134 1490 1299 1527 domum
1331 1488 1495 1538 predicti
1518 1487 1681 1526 Ricardi
1701 1489 1752 1526 de

163 1556 311 1604 Tweng
332 1553 509 1604 superius
530 1552 724 1603 redempti
745 1560 783 1592 et
803 1554 854 1592 ad
875 1554 1037 1592 domum
1060 1553 1222 1592 Ricardi
1243 1556 1299 1591 Pa
1319 1553 1358 1591 in
1381 1553 1665 1603 Scardeburgh,
1684 1552 1752 1602 qui

162 1618 362 1668 predictus
383 1618 579 1657 Ricardus
600 1620 656 1656 Pa
676 1617 783 1657 venit
803 1631 936 1656 coram
966 1618 1198 1667 Justiciariis
1220 1626 1259 1657 et
1279 1625 1436 1668 paratus
1456 1625 1515 1656 est
1536 1631 1578 1656 se
1598 1618 1753 1667 acquie-

161 1690 243 1722 tare
264 1696 333 1733 per
351 1682 509 1734 triginta
538 1690 576 1722 et
610 1696 678 1721 sex
706 1683 888 1721 homines
917 1684 1138 1721 secundum
1160 1691 1338 1722 tenorem
1360 1693 1464 1722 carte
1485 1682 1660 1733 predicte
1681 1695 1752 1732 pro

163 1761 211 1787 eo
232 1749 340 1798 quod
369 1761 451 1786 non
482 1747 553 1786 fuit
586 1747 770 1786 inventus
805 1761 895 1786 cum
926 1761 1168 1798 manuopere
1200 1761 1290 1786 cum
1321 1746 1354 1800 [?
1374 1746 1459 1800 per]
1489 1746 1692 1786 viridarios
1713 1754 1752 1785 et

163 1812 398 1861 forestarios,
430 1820 468 1851 et
497 1825 732 1851 concessum
763 1820 821 1850 est
855 1813 966 1862 quod
997 1826 1039 1851 se
1073 1812 1285 1862 acquietet,
1316 1813 1408 1851 ideo
1442 1812 1549 1851 venit
1583 1819 1620 1850 et
1659 1811 1752 1849 fecit

161 1877 282 1914 finem
313 1888 386 1926 pro
420 1882 666 1914 sacramento
695 1875 909 1913 relaxando
942 1888 1014 1924 pro
1046 1875 1059 1924 j
1097 1888 1226 1913 marca
1265 1888 1334 1925 per
1375 1874 1549 1925 plegium
1585 1873 1752 1912 Henrici

162 1941 213 1980 de
242 1942 400 1979 Roston
439 1947 478 1978 et
521 1938 684 1978 Roberti
723 1940 919 1978 Hamund
932 1954 942 1988 3
981 1939 1073 1978 ideo
1111 1939 1195 1990 ipse
1233 1940 1327 1979 inde
1366 1939 1521 1991 quietus
1559 1951 1632 1989 pro
1670 1939 1749 1976 fine

160 2006 350 2055 predicto.

163 2143 238 2175 two
267 2137 450 2174 roedeers
479 2134 520 2172 in
540 2135 607 2173 the
640 2136 733 2184 Hay
753 2135 833 2173 and
864 2134 1014 2174 carried
1043 2136 1152 2173 thern
1183 2143 1223 2174 to
1255 2136 1321 2174 the
1343 2137 1486 2175 Castle.
1546 2138 1698 2176 Robert
1718 2137 1750 2175 is

160 2202 267 2240 fined
293 2208 354 2250 13S
374 2198 433 2248 4d·

213 2268 346 2316 Roger
384 2266 435 2304 de
483 2264 802 2314 Comergeshead
840 2262 964 2316 (fined
1004 2265 1231 2314 elsewhere)
1279 2266 1360 2304 and
1408 2266 1585 2304 Richard
1635 2267 1750 2304 Swan

160 2330 390 2384 (deceased)
411 2329 532 2369 killed
551 2342 574 2368 a
593 2329 690 2368 hind
711 2336 750 2368 at
767 2330 973 2368 Fullwood
994 2330 1168 2380 hepping
1189 2329 1240 2383 [?]
1262 2344 1315 2369 on
1336 2331 1402 2370 the
1432 2332 1625 2380 Saturday
1654 2333 1751 2369 after

158 2395 380 2435 Ascension
415 2397 504 2445 Day
538 2395 618 2433 and
638 2393 788 2433 carried
819 2394 848 2433 it
879 2394 1043 2434 whither
1081 2395 1173 2444 they
1194 2395 1337 2442 would,
1372 2396 1455 2433 and
1485 2395 1662 2434 Richard
1698 2396 1749 2434 de

159 2462 308 2510 Tweng
328 2459 450 2512 (fined
471 2457 697 2508 elsewhere)
719 2458 899 2497 received
918 2466 1004 2508 part
1025 2460 1071 2497 of
1085 2458 1124 2497 it.

213 2526 347 2573 Roger
366 2524 416 2562 de
438 2522 758 2572 Comergeshead
777 2523 856 2560 and
884 2524 1015 2562 others
1047 2524 1247 2562 unknown
1267 2523 1389 2563 killed
1409 2538 1431 2563 a
1449 2525 1533 2563 hart
1553 2531 1593 2562 at
1626 2527 1750 2563 Dunt-

156 2589 258 2628 weth
278 2601 331 2627 on
351 2588 542 2637 Saturday
558 2586 598 2625 in
616 2588 753 2626 Easter
768 2587 876 2626 week
895 2588 974 2627 and
994 2588 1144 2627 carried
1164 2587 1193 2627 it
1208 2595 1249 2627 to
1270 2590 1337 2628 the
1357 2590 1481 2629 house
1497 2591 1543 2628 of
1567 2590 1746 2630 Richard

160 2655 211 2693 de
230 2655 387 2702 Tweng.

214 2717 371 2756 Patrick
404 2717 454 2755 de
474 2717 716 2755 Westerdale
745 2717 825 2755 and
852 2718 999 2756 Walter
1029 2718 1081 2756 de
1110 2719 1341 2768 Lythebeck
1373 2719 1487 2771 (both
1516 2721 1741 2771 deceased),

160 2795 259 2821 were
280 2782 496 2820 confirmed
530 2781 720 2831 poachers
741 2782 820 2820 and
854 2795 954 2820 were
973 2783 1196 2822 harboured
1227 2785 1279 2834 by
1309 2783 1484 2823 Richard
1513 2786 1564 2823 de
1595 2787 1743 2835 Tweng

159 2848 240 2886 and
269 2846 443 2885 Richard
465 2847 521 2884 Pa
546 2847 592 2884 of
619 2846 902 2896 Scarborough.
962 2847 1050 2886 The
1076 2849 1189 2887 latter
1217 2861 1380 2898 appears
1410 2850 1490 2887 and
1519 2850 1653 2888 makes
1683 2851 1742 2889 his

159 2911 274 2950 claim
293 2924 335 2950 as
355 2924 378 2949 a
396 2911 557 2960 burgess
578 2911 624 2948 of
638 2910 922 2961 Scarborough.
980 2912 1108 2951 When
1128 2912 1188 2950 his
1208 2911 1323 2950 claim
1340 2912 1372 2951 is
1392 2914 1557 2951 allowed
1578 2915 1627 2952 he
1647 2928 1742 2964 pays

159 2989 181 3014 a
201 2976 278 3014 fine
298 2976 342 3014 of
375 2981 437 3024 13S
456 2972 502 3022 4d
534 2981 575 3013 to
608 2975 658 3012 be
686 2975 740 3013 let
771 2975 831 3013 off
855 2975 1018 3026 offering
1047 2977 1114 3016 the
1149 2977 1251 3015 oath.
1312 2977 1493 3025 Sureties‚
1522 2980 1661 3029 Henry
1690 2980 1741 3018 de

159 3042 316 3079 Ruston
336 3041 415 3079 and
437 3039 588 3079 Robert
610 3041 813 3080 Hamond.
