2044 3491
777 220 1011 254 coUCHER
1043 221 1188 254 BOOK.
1704 221 1781 265 153

191 318 389 357 ministros
409 331 500 357 suos
521 318 754 365 attachiatis‚
776 326 988 369 antequam
1009 318 1174 357 ministri
1195 320 1339 357 foreste
1373 318 1602 369 hujusmodi
1636 319 1783 358 bestias

193 381 275 435 [sic]
297 382 515 420 invenerint
549 390 663 432 prout
691 383 798 420 idem
834 385 1009 421 Thomas
1031 383 1207 432 superius
1225 384 1379 421 clamat.
1438 384 1539 422 Ideo
1560 384 1785 423 considera-

193 454 276 485 tum
297 455 355 485 est
375 448 484 496 quod
504 447 609 485 idem
631 448 808 485 Thomas
830 455 892 485 eat
912 447 1006 486 inde
1027 447 1110 486 sine
1130 447 1206 494 die,
1229 449 1336 486 salvo
1358 461 1513 497 semper
1531 450 1630 497 jure,
1654 456 1727 487 ete.

249 512 449 551 Gilbertus
472 513 522 551 de
543 514 650 551 Aton
672 513 816 550 clamat
835 513 1006 551 vendere
1034 521 1072 551 et
1093 513 1186 551 dare
1214 519 1295 550 tam
1325 512 1423 550 infra
1452 514 1637 551 forestam
1667 526 1786 563 quam

196 583 302 615 extra
339 578 502 615 boscum
544 589 658 614 suum
697 584 776 615 tam
814 576 979 615 viridem
1019 590 1140 627 quarn
1175 576 1324 615 siccum
1359 578 1410 615 de
1444 577 1573 615 boscis
1611 577 1690 615 suis
1735 579 1786 616 de

195 640 412 690 Ayclifside
451 648 488 679 et
526 643 775 680 Troucedale
814 655 947 681 versus
986 642 1138 681 boriam
1178 655 1255 691 que
1294 648 1386 680 sunt
1424 649 1531 680 extra
1578 643 1786 691 segardum

196 707 350 754 foreste,
374 714 412 744 et
433 705 528 744 dicit
549 707 658 756 quod
678 706 762 756 ipse
784 714 822 746 et
843 720 981 746 omnes
1002 714 1270 745 antecessores
1292 705 1352 744 sui
1371 719 1394 744 a
1415 714 1591 756 tempore
1612 720 1692 756 quo
1706 720 1786 745 non

198 778 302 808 extat
333 771 522 810 memoria
550 771 814 810 vendiderunt
845 780 884 810 et
915 773 1110 810 dederunt
1145 772 1310 810 boscum
1345 784 1458 809 suum
1494 772 1714 821 predictum
1745 779 1788 810 ut

196 835 418 886 predictum
439 844 496 875 est
513 844 551 875 et
571 837 647 875 hoc
668 836 765 886 petit
785 838 897 886 quod
932 836 1147 887 inquiratur
1180 849 1249 886 per
1280 849 1417 874 omnes
1451 835 1649 875 ministros
1678 836 1788 875 istius

197 900 352 939 foreste.
403 901 502 939 Ideo
522 900 740 951 inquiratur
754 900 848 940 inde
867 901 1018 940 veritas.
1071 901 1150 950 Qui
1171 901 1318 940 scilicet
1335 901 1537 948 forestarii,
1559 900 1730 940 viridarii
1751 909 1788 940 et

198 965 466 1014 regardatores
486 966 537 1003 ad
558 966 634 1003 hoc
651 966 770 1014 jurati
790 965 928 1004 dicunt
949 979 1065 1016 super
1099 973 1387 1004 sacramentum
1423 979 1536 1004 suum
1570 966 1680 1015 quod
1709 978 1790 1015 pre-

200 1029 329 1068 dictus
351 1029 550 1068 Gilbertus
572 1037 610 1068 et
631 1044 770 1069 omnes
800 1038 1068 1070 antecessores
1103 1031 1162 1069 sui
1193 1045 1216 1069 a
1249 1038 1426 1080 tempore
1461 1043 1540 1079 quo
1574 1042 1656 1068 non
1686 1037 1791 1068 extat

200 1093 392 1132 memoria
422 1095 683 1133 vendiderunt
715 1103 752 1134 et
785 1097 979 1134 dederunt
1010 1096 1176 1134 boscum
1212 1095 1432 1145 predictum
1468 1101 1583 1144 prout
1617 1094 1791 1144 superius

201 1160 342 1197 clamat
364 1167 552 1209 tanquam
587 1160 851 1210 pertinentem
884 1161 936 1199 ad
970 1159 1190 1199 manerium
1222 1174 1337 1199 suum
1372 1161 1422 1198 de
1455 1162 1678 1209 Brumpton
1708 1159 1792 1197 sine

201 1222 492 1274 interrupcione
513 1224 682 1274 aliquali.
743 1225 842 1263 Ideo
862 1224 1156 1263 consideratum
1176 1232 1234 1263 est
1255 1226 1364 1275 quod
1385 1225 1492 1263 idem
1514 1224 1712 1263 Gilbertus
1730 1231 1792 1262 eat

202 1287 297 1327 inde
318 1288 400 1327 sine
418 1289 493 1336 die,
517 1290 625 1327 salvo
646 1302 801 1337 semper
818 1290 904 1338 jure
925 1296 998 1327 etc.

259 1354 458 1392 Gilbertus
479 1355 529 1392 de
550 1356 657 1392 Aton
677 1355 822 1392 clamat
842 1355 1013 1393 vendere
1034 1355 1199 1392 boscum
1221 1367 1335 1393 suum
1356 1362 1436 1394 tam
1458 1355 1509 1394 de
1529 1354 1643 1393 viridi
1673 1367 1793 1404 quam

205 1417 352 1457 siccum
390 1418 431 1457 in
469 1419 599 1457 boscis
631 1419 709 1457 suis
744 1420 795 1458 de
829 1419 1075 1457 Troucec‘ale
1109 1432 1242 1458 versus
1278 1420 1442 1467 bonam,
1467 1420 1534 1470 qui
1566 1427 1656 1458 sunt
1690 1427 1796 1458 extra

204 1484 424 1534 regardum,
445 1484 630 1522 videlicet
646 1484 755 1522 illum
777 1485 943 1523 boscum
965 1484 1033 1534 qui
1054 1492 1112 1523 est
1133 1498 1179 1523 ex
1200 1492 1308 1534 parte
1321 1485 1460 1524 boriali
1480 1486 1531 1524 de
1551 1486 1798 1524 Troucedale

206 1561 229 1586 a
247 1549 337 1586 loco
358 1547 426 1598 qui
448 1546 589 1600 [312b]
610 1549 751 1587 dicitur
772 1548 995 1586 Braithwait
1016 1561 1148 1587 versus
1181 1548 1431 1588 occidentem
1464 1549 1503 1587 in
1537 1550 1699 1599 longum
1729 1562 1799 1599 per

206 1612 374 1651 rivulum
396 1614 448 1651 de
468 1614 716 1652 Troucedale
737 1613 836 1652 sicut
866 1613 1011 1651 rivulus
1044 1612 1162 1651 currit
1195 1626 1326 1652 versus
1362 1613 1567 1661 orientem,
1590 1627 1717 1664 usque
1747 1614 1798 1652 ad

206 1679 407 1727 quendam
429 1676 614 1715 sikettum
637 1677 704 1727 qui
725 1677 831 1716 cadit
851 1676 890 1715 in
912 1679 1084 1717 eundem
1106 1677 1274 1716 rivulum
1289 1680 1609 1718 descendendoa
1624 1679 1800 1729 quodam

206 1743 316 1781 fonte
336 1741 404 1792 qui
422 1741 565 1780 dicitur
597 1743 866 1792 ApeRrekeId,
890 1750 928 1781 et
961 1742 1055 1782 inde
1089 1756 1159 1793 per
1193 1743 1379 1782 sikettum
1411 1743 1632 1794 predictum
1663 1756 1799 1782 ascen-

209 1808 344 1847 dendo
363 1808 414 1846 ad
446 1809 595 1846 fontem
626 1807 861 1857 predictum,
885 1815 923 1847 et
955 1821 978 1846 a
1012 1807 1192 1858 predicto
1224 1810 1333 1847 fonte
1363 1810 1619 1847 ascendendo
1653 1809 1801 1848 directe

208 1885 333 1923 usque
372 1873 423 1910 ad
461 1873 780 1920 Blaclousenese,
803 1880 842 1911 et
880 1872 1027 1911 deinde
1065 1874 1387 1912 transcendendo
1428 1873 1548 1911 alium
1586 1886 1711 1923 usque
1748 1874 1800 1912 ad

265 2002 417 2042 Gilbert
438 2003 488 2040 de
508 2004 642 2051 Ayton
663 2001 798 2039 claims
819 2002 886 2040 the
906 2002 1008 2052 right
1028 2009 1068 2041 to
1090 2003 1160 2041 sell
1190 2002 1270 2040 and
1297 2001 1385 2052 give
1406 2015 1524 2051 away,
1546 2002 1644 2040 both
1665 2001 1799 2040 within

210 2069 289 2107 and
311 2067 472 2106 without
492 2067 559 2105 the
579 2068 711 2113 forest,
733 2079 852 2116 green
885 2080 927 2105 as
957 2068 1043 2105 well
1073 2080 1115 2105 as
1151 2068 1221 2116 dry
1241 2067 1356 2105 wood
1378 2074 1445 2105 out
1467 2068 1512 2105 of
1525 2066 1585 2105 his
1606 2067 1741 2105 woods
1763 2067 1809 2105 of

211 2131 426 2183 Ayclifside
447 2133 527 2170 and
547 2132 784 2169 Troutsdale
805 2132 973 2169 towards
1003 2133 1069 2170 the
1097 2132 1224 2180 north,
1248 2131 1375 2169 which
1396 2144 1462 2170 are
1482 2130 1568 2181 quit
1589 2132 1633 2169 of
1648 2132 1799 2181 regard,

212 2211 255 2236 as
273 2198 324 2236 he
345 2198 424 2235 and
445 2196 505 2234 his
526 2204 726 2234 ancestors
747 2197 847 2235 have
868 2197 973 2235 done
995 2197 1094 2234 from
1115 2195 1209 2234 time
1230 2195 1502 2234 immemorial.
1562 2197 1627 2233 An
1648 2195 1803 2246 inquiry

214 2263 246 2301 is
267 2262 455 2309 directed,
477 2262 557 2300 and
590 2260 619 2299 it
648 2261 679 2299 is
709 2262 834 2299 found
865 2263 948 2300 that
983 2260 1136 2300 Gilbert
1169 2261 1248 2299 and
1282 2259 1341 2298 his
1362 2267 1562 2299 ancestors
1584 2261 1685 2298 from
1707 2259 1803 2298 time

214 2326 473 2366 immemorial
507 2327 606 2365 have
627 2325 790 2364 without
823 2325 1085 2376 interruption
1106 2326 1193 2364 sold
1227 2326 1306 2364 and
1337 2325 1454 2375 given
1474 2338 1580 2375 away
1601 2326 1667 2364 the
1687 2326 1802 2364 wood

215 2392 256 2430 in
276 2390 458 2442 question
480 2404 522 2430 as
542 2398 806 2441 appurtenant
827 2399 868 2430 to
898 2393 965 2430 the
994 2403 1135 2429 manor
1163 2391 1210 2429 of
1234 2392 1464 2440 Brompton.
1523 2391 1612 2428 The
1632 2390 1749 2428 claim
1770 2390 1802 2428 is

215 2457 390 2496 allowed.

271 2521 423 2561 Gilbert
443 2521 494 2560 de
513 2520 674 2570 Aytonss‘<
694 2520 829 2559 claims
849 2521 916 2559 the
946 2520 1047 2570 right
1076 2527 1117 2559 to
1149 2521 1220 2558 sell
1253 2533 1372 2570 green
1401 2520 1480 2558 and
1511 2520 1581 2569 dry
1600 2520 1714 2558 wood
1735 2526 1805 2558 out

218 2586 264 2625 of
277 2585 338 2624 his
357 2586 493 2624 woods
513 2592 553 2623 to
574 2585 641 2623 the
661 2586 778 2623 north
808 2586 853 2623 of
875 2585 1113 2623 Troutsdale
1134 2584 1259 2623 which
1288 2597 1354 2623 are
1388 2585 1544 2623 outside
1564 2585 1631 2623 the
1652 2585 1802 2634 regard,

218 2652 386 2700 namer,
407 2652 506 2688 from
528 2649 779 2688 Braithwaite
799 2651 1000 2689 westward
1026 2652 1144 2700 along
1172 2651 1410 2689 Troutsdale
1431 2651 1534 2688 beck
1553 2663 1595 2688 as
1615 2650 1683 2688 the
1702 2649 1806 2687 beck

219 2717 326 2754 flows
347 2723 388 2753 to
409 2715 476 2754 the
498 2721 591 2761 east,
614 2721 654 2752 to
675 2728 698 2753 a
723 2714 808 2759 rill†
841 2716 968 2753 which
1003 2716 1110 2753 flows
1140 2715 1223 2753 into
1258 2716 1325 2753 the
1356 2715 1459 2753 beck
1488 2715 1588 2753 from
1620 2727 1641 2752 a
1674 2713 1807 2763 spring

220 2780 348 2819 called
379 2780 591 2829 Appletree
622 2780 741 2827 Keld,
773 2781 916 2819 thence
954 2780 1172 2830 ascending
1205 2780 1274 2819 the
1304 2779 1364 2817 rill
1393 2792 1447 2829 up
1486 2786 1527 2817 to
1559 2779 1626 2817 the
1661 2777 1805 2827 spring,

220 2846 364 2884 thence
385 2844 463 2882 still
483 2845 663 2893 upwards
697 2852 738 2883 to
768 2845 976 2895 Blackleys
1005 2857 1106 2893 ness,
1129 2845 1274 2883 thence
1305 2844 1482 2894 crossing
1511 2856 1604 2882 over
1634 2856 1686 2892 up
1715 2850 1756 2881 to
1785 2855 1808 2881 a

268 2944 283 2960 *
309 2944 365 2975 See
381 2953 412 2984 p.
433 2942 485 2982 98,
505 2946 590 2973 ante.

266 2995 288 3030 †
312 2995 395 3035 Syke
410 2994 436 3026 is
452 2993 519 3026 still
535 2993 590 3025 the
606 2994 698 3025 usual
716 2994 804 3026 word
818 2994 851 3026 in
863 2994 1044 3026 Yorkshire
1084 2995 1155 3034 (See
1169 2993 1362 3026 Atkinson’s
1382 2993 1404 3009 “
1419 2992 1599 3025 Cleveland
1614 2990 1807 3034 Glossary‚’‘

222 3047 296 3086 s.v.)
