2044 3491
297 216 349 258 32
663 215 836 248 DUCHY
869 214 930 247 OF
964 214 1257 247 LANCASTER
1290 214 1525 246 RECORDS.

354 316 456 353 Item
487 320 713 364 presentant
743 314 851 363 quod
884 313 1081 352 Robertus
1112 313 1278 352 Nukkes
1310 314 1414 362 cepit
1445 325 1565 350 unam
1595 311 1760 351 viridem
1781 325 1893 363 quer-

298 382 427 418 culam
468 381 605 418 subtus
645 380 825 428 Cropton
863 379 996 418 Castel
1036 386 1144 417 extra
1179 377 1422 417 dominicum
1462 379 1614 427 absque
1652 378 1892 417 liberacione

299 443 589 482 forestariorum
624 442 706 481 sive
740 449 924 489 waranto,
961 442 1054 481 ideo
1089 442 1173 492 ipse
1206 442 1244 480 in
1288 442 1566 489 misericordia,
1602 443 1709 481 unde
1741 443 1891 481 Alanus

300 510 461 547 Storour
481 515 619 546 tenens
651 514 837 546 terrarum
869 515 907 546 et
936 514 1254 546 tenementorum
1286 521 1364 558 que
1394 510 1547 547 fuerunt
1578 508 1700 558 ipsius
1723 508 1889 547 Roberti

298 574 546 622 respondeat.

353 639 456 676 Item
487 644 713 687 presentant
744 639 853 687 quod
889 651 956 676 sex
990 651 1157 687 quercus
1190 645 1395 677 extronate
1426 640 1581 677 fuerunt
1611 638 1651 676 in
1683 639 1890 689 Depedale

299 703 493 751 Sprynges
532 714 601 751 per
643 703 842 740 defectum
882 703 1060 741 custodie
1100 703 1293 752 Johannis
1334 704 1384 741 de
1425 704 1643 741 Shafaldon
1684 704 1889 753 quondam

299 766 531 805 wodewardi
579 767 629 805 de
670 769 878 814 Ebreston‚
919 767 1009 806 ideo
1048 768 1133 817 ipse
1174 768 1213 805 in
1254 767 1534 815 misericordia,
1575 775 1613 806 et
1652 769 1891 818 respondeat

299 833 498 869 Robertus
529 833 683 870 Pecche
716 833 765 870 de
801 833 1029 871 Gotheland
1059 833 1144 881 ejus
1174 841 1434 882 manucaptor
1462 840 1500 871 et
1530 841 1669 871 tenens
1698 841 1885 870 terrarum

299 903 337 934 et
358 903 675 934 tenementorum
698 909 775 946 que
795 898 953 935 fuerunt
974 896 1094 946 ipsius
1116 896 1324 946 Johannis.

356 962 457 998 Item
492 968 718 1010 presentant
748 962 855 1010 quod
890 962 1055 998 Elredus
1088 962 1137 998 de
1175 962 1380 998 Ellerburn
1412 961 1479 1011 qui
1515 960 1614 999 obiit
1646 960 1886 1010 expeditavit

300 1028 501 1078 quandam
521 1025 682 1063 viridem
702 1038 888 1075 quercum
912 1025 1009 1063 infra
1025 1025 1267 1063 dominicum
1287 1025 1406 1074 precii
1423 1025 1505 1075 vijd,
1525 1027 1631 1064 unde
1650 1027 1887 1064 Edmundus

300 1094 350 1131 de
373 1093 555 1140 Hastyng
571 1098 709 1128 tenens
729 1098 914 1127 terrarum
937 1097 975 1127 et
996 1096 1313 1127 tenementorum
1336 1102 1412 1138 que
1433 1091 1590 1128 suerunt
1611 1089 1732 1139 ipsius
1756 1089 1891 1129 Elredi

299 1159 349 1195 de
380 1155 513 1206 precio
534 1154 647 1193 viridi
681 1154 846 1203 predicti
881 1161 919 1192 et
955 1167 1024 1203 pro
1056 1153 1308 1191 forisfactura
1338 1155 1577 1203 respondeat
1616 1154 1694 1204 vijS,
1717 1162 1755 1193 et
1784 1154 1890 1193 idem

300 1221 536 1259 Edmundus
585 1227 769 1257 oneretur
815 1231 886 1268 pro
925 1217 1040 1256 viridi
1094 1217 1274 1267 predicto
1313 1218 1490 1257 similiter
1529 1225 1646 1268 capto
1695 1218 1734 1256 in
1785 1218 1891 1257 Haia

300 1285 476 1336 predicta
496 1283 577 1334 vijd.

354 1353 454 1389 Item
485 1356 713 1399 presentant
734 1349 843 1398 quod
875 1349 996 1398 Hugo
1016 1347 1182 1385 vicarius
1213 1347 1378 1386 ecclesie
1409 1349 1459 1387 de
1481 1349 1680 1386 Ebreston
1702 1347 1770 1397 qui
1791 1347 1891 1386 obiit

298 1416 403 1466 cepit
441 1427 560 1453 unam
599 1413 763 1452 viridem
803 1426 990 1463 quercum
1030 1419 1137 1450 extra
1176 1412 1422 1451 dominicum
1458 1413 1607 1462 absque
1649 1411 1891 1450 liberacione

299 1481 589 1521 forestariorum
613 1480 692 1518 sive
714 1488 895 1526 waranto,
919 1487 1050 1517 tamen
1072 1479 1277 1527 Johannes
1299 1477 1399 1515 filius
1430 1476 1595 1516 Galfridi
1616 1484 1654 1515 et
1684 1477 1890 1525 Johannes

300 1548 350 1586 de
366 1548 403 1584 la
421 1547 626 1595 Chymyne
643 1552 870 1583 executores
888 1544 1065 1593 ejusdem
1086 1543 1352 1592 respondeant
1366 1542 1531 1581 domino
1545 1543 1594 1580 de
1610 1541 1886 1580 misericordia.

354 1613 458 1650 Item
492 1617 720 1660 presentant
754 1609 862 1659 quod
894 1609 1100 1658 Johannes
1135 1607 1357 1657 prepositus
1393 1608 1443 1645 de
1474 1605 1658 1655 Pikering
1693 1605 1760 1656 qui
1791 1606 1888 1644 obiit

299 1677 403 1727 cepit
424 1677 522 1715 duas
538 1675 679 1713 virides
702 1687 871 1724 quercus
893 1673 932 1711 in
955 1674 1153 1712 Oskelunt
1174 1672 1274 1710 infra
1295 1671 1539 1710 dominicum
1563 1670 1682 1720 precii
1704 1669 1773 1720 vjd‚
1796 1670 1889 1710 ideo

299 1742 567 1792 respondeant
607 1739 805 1778 Galfridus
844 1738 944 1775 filius
979 1740 1063 1787 ejus
1098 1746 1135 1776 et
1166 1737 1366 1776 Galfridus
1401 1744 1480 1775 atte
1515 1739 1628 1775 Mare
1658 1744 1887 1775 executores

298 1805 522 1845 testamenti
543 1803 707 1854 predicti
728 1803 921 1853 Johannis
952 1801 1065 1855 [266]
1087 1804 1137 1841 de
1156 1801 1288 1852 precio
1309 1801 1422 1840 viridi
1444 1801 1610 1852 predicti
1631 1809 1669 1840 et
1690 1815 1760 1852 pro
1782 1802 1888 1841 foris-

298 1874 447 1910 factura
468 1870 644 1920 ejusdem
666 1869 728 1918 ij.

352 2010 506 2049 Robert
527 2008 666 2046 Nooks
687 2007 783 2045 took
803 2019 826 2043 a
854 2019 973 2054 green
1003 2006 1079 2043 oak
1108 2006 1234 2044 below
1256 2006 1436 2054 Cropton
1467 2004 1601 2044 Castle
1623 2003 1787 2043 without
1821 2006 1889 2043 the

298 2077 498 2121 demesne,
521 2072 682 2111 without
703 2071 822 2119 livery
843 2072 888 2108 of
912 2071 979 2108 the
999 2071 1180 2108 foresters
1201 2082 1244 2107 or
1265 2075 1436 2107 warrant.
1496 2070 1598 2106 Alan
1630 2070 1804 2117 Storour,
1828 2069 1888 2107 his

299 2151 513 2185 successor,
537 2137 568 2175 is
589 2135 845 2185 responsible.

353 2206 418 2244 Six
447 2204 543 2242 oaks
564 2214 662 2240 were
692 2208 781 2239 torn
810 2213 863 2249 up
896 2200 946 2248 by
967 2200 1034 2237 the
1065 2205 1171 2237 roots
1206 2197 1246 2235 in
1283 2197 1491 2246 Deepdale
1522 2195 1682 2246 Springs
1717 2198 1888 2247 through

296 2271 386 2308 lack
407 2270 451 2307 of
475 2280 564 2305 care
594 2279 646 2303 on
676 2265 743 2303 the
773 2271 859 2313 part
889 2265 933 2301 of
956 2264 1064 2312 John
1095 2263 1145 2301 de
1176 2263 1404 2308 Shafaldon,
1428 2263 1572 2299 former
1593 2263 1814 2300 woodward
1848 2264 1893 2301 of

299 2334 534 2373 Ebberston,
593 2331 745 2367 Robert
766 2329 932 2375 Pecche,
955 2328 1001 2365 of
1025 2327 1265 2373 Goathland,
1288 2325 1348 2363 his
1370 2338 1573 2363 successor
1593 2327 1672 2364 and
1693 2333 1833 2376 surety,
1856 2326 1888 2365 is

298 2397 555 2449 responsible.

353 2462 473 2501 Elred
503 2461 547 2499 of
571 2459 790 2507 Ellerburn,
823 2458 1028 2505 deceased,
1069 2455 1219 2495 carried
1249 2456 1308 2494 off
1342 2468 1364 2493 a
1394 2466 1512 2504 green
1546 2454 1623 2492 oak
1651 2453 1786 2493 within
1821 2456 1888 2494 the

298 2530 497 2574 demesne,
519 2527 632 2564 value
667 2523 718 2573 7d.
781 2523 857 2561 His
892 2534 1107 2567 successor,
1131 2520 1322 2558 Edmund
1355 2519 1405 2557 de
1440 2517 1641 2567 Hastings‚
1665 2518 1697 2556 is
1730 2532 1889 2568 respon-

299 2593 396 2631 sible
417 2593 475 2630 for
495 2591 543 2628 its
563 2591 688 2636 value‚
709 2602 731 2626 a
753 2589 830 2626 fine
851 2587 896 2625 of
924 2594 971 2635 7⁵,
993 2586 1073 2624 and
1102 2585 1185 2623 also
1220 2583 1274 2633 7⁶¹,
1297 2584 1365 2622 the
1386 2584 1506 2621 value
1530 2585 1575 2621 of
1601 2589 1682 2621 vert
1708 2583 1879 2623 likewise

298 2658 418 2696 taken
439 2655 479 2693 in
501 2655 567 2693 the
590 2656 694 2703 Hay.

354 2721 490 2770 Hugh,
511 2718 630 2756 Vicar
659 2718 703 2756 of
729 2717 964 2761 Ebberston,
988 2715 1194 2761 deceased,
1216 2714 1312 2752 took
1341 2726 1363 2751 a
1391 2725 1509 2763 green
1539 2712 1616 2750 oak
1635 2712 1799 2751 without
1819 2713 1886 2752 the

299 2787 488 2825 demesne
522 2783 685 2822 without
718 2781 838 2831 livery
871 2781 915 2818 of
953 2780 1020 2818 the
1051 2780 1233 2817 foresters
1269 2791 1312 2816 or
1343 2784 1516 2815 warrant.
1575 2777 1695 2826 John,
1732 2790 1805 2816 son
1846 2779 1892 2816 of

299 2851 493 2899 Geoffrey,
516 2849 596 2887 and
615 2848 722 2897 John
743 2847 792 2885 de
813 2847 850 2884 la
871 2846 1090 2895 Chymyne,
1112 2843 1171 2881 his
1191 2850 1410 2890 executors‚
1432 2855 1497 2880 are
1517 2841 1772 2892 responsible.

353 2917 460 2965 John
479 2915 545 2953 the
561 2925 675 2951 reeve
697 2913 743 2950 of
768 2910 985 2960 Pickering‚
1008 2909 1214 2956 deceased,
1237 2908 1333 2946 took
1352 2914 1428 2946 two
1448 2920 1566 2957 green
1588 2908 1683 2946 oaks
1705 2907 1743 2945 in
1755 2907 1885 2947 'Oske-

298 2981 385 3018 lunt
415 2977 447 3031 [?
467 2976 637 3029 Askew],
660 2977 772 3015 vaiue
802 2974 857 3014 ὀᾶ.
917 2974 993 3012 His
1024 2987 1106 3021 son,
1140 2974 1333 3023 Geoffrey,
1356 2973 1435 3011 and
1466 2973 1650 3023 Geoffrey
1670 2979 1750 3011 atte
1781 2974 1880 3019 Mar,

300 3044 360 3082 his
382 3050 598 3090 executors‚
620 3054 684 3080 are
704 3039 957 3090 responsible.
1020 3038 1116 3077 Fine
1139 3040 1186 3077 6⁵.
