2044 3491
814 212 1050 245 COUCHER
1082 212 1226 245 BOOK.
1736 206 1815 256 167

224 309 359 349 Sancti
375 310 583 350 Michaelis
603 309 710 360 apud
725 309 919 360 Pikeryng
935 322 1068 348 coram
1090 309 1247 359 prefatis
1264 308 1495 359 Justiciariis
1513 317 1584 350 etc.
1607 310 1647 349 in
1668 312 1811 350 eodem

224 381 327 413 statu
363 388 443 425 quo
483 388 588 413 nunc
626 382 699 413 etc.
761 375 868 412 Infra
906 375 1015 424 quod
1054 374 1266 413 terminum
1288 374 1422 413 Sancti
1457 375 1664 414 Michaelis
1703 377 1811 426 apud

223 439 418 489 Pikeryng
439 453 572 478 coram
593 438 751 489 prefatis
768 438 943 477 Ricardo
963 439 1014 477 de
1034 440 1257 489 Wylughby
1273 446 1311 477 et
1332 440 1514 488 Johanne
1535 441 1585 478 de
1602 441 1811 490 Hambury

221 504 451 553 Justiciariis
472 513 544 544 etc.
569 505 634 543 die
664 506 776 542 Lune
810 502 989 553 proximo
1019 510 1108 553 post
1129 505 1273 542 festum
1303 504 1437 542 Sancti
1458 504 1612 542 Mathei
1641 504 1812 554 apostoli

221 568 329 607 venit
348 569 549 618 predictus
573 568 774 607 Henricus
795 568 845 606 de
867 569 990 617 Percy
1009 581 1080 617 per
1108 575 1346 607 attornatum
1373 582 1488 607 suum
1518 569 1749 619 predictum,
1773 576 1812 608 et

222 632 408 671 dominus
429 635 518 672 Rex
549 633 751 672 mandavit
771 632 928 683 prefatis
949 632 1179 682 Justiciariis
1201 633 1316 672 breve
1346 647 1459 672 suum
1480 635 1657 672 clausum
1678 633 1743 672 hic
1772 633 1813 671 in

221 698 297 736 hec
315 699 434 737 verba
455 696 495 750 [a
515 697 660 736 similar
680 697 762 736 writ
782 699 824 736 of
842 696 1063 747 protection
1084 696 1246 750 ending]
1269 711 1393 749 usque
1412 699 1464 737 ad
1485 700 1628 737 festum
1659 698 1811 737 Natalis

223 761 389 800 Domini
419 761 595 812 proxime
615 763 800 802 futurum.
854 765 976 802 Teste
1006 776 1070 801 me
1104 762 1191 813 ipso
1211 765 1317 813 apud
1352 764 1565 803 Staunford
1595 763 1709 813 xxviij
1748 763 1813 802 die

221 826 331 876 Junii
351 840 456 866 anno
475 828 584 877 regni
617 828 738 867 nostri
759 828 984 867 undecimo.
1046 827 1202 867 Virtute
1224 830 1336 878 cujus
1353 828 1480 867 brevis
1497 830 1612 867 datus
1643 836 1702 867 est
1722 828 1808 867 dies

222 892 316 930 inde
336 893 485 942 prefato
508 892 688 931 Henrico
709 893 760 931 de
791 894 914 942 Percy
934 905 1004 942 per
1023 900 1262 931 attornatum
1294 906 1408 931 suum
1430 893 1651 943 predictum
1681 906 1809 943 usque

221 956 327 994 idem
349 958 490 995 festum
523 957 675 996 Natalis
698 957 861 996 Domini
881 958 988 1007 apud
1009 958 1205 1008 Pikeryng
1225 971 1358 996 coram
1387 957 1545 1009 prefatis
1580 957 1812 1008 Justiciariis

223 1028 296 1060 etc.
316 1021 355 1059 in
377 1023 519 1061 eodem
541 1030 642 1061 statu
664 1035 744 1072 quo
765 1035 871 1060 nunc
892 1029 962 1061 etc.

278 1087 422 1125 Postea
459 1088 568 1136 apud
615 1087 833 1137 Pickeryng
872 1085 985 1139 [317]
1033 1086 1098 1125 die
1146 1089 1260 1126 Lune
1307 1086 1485 1137 proximo
1531 1094 1622 1126 ante
1669 1088 1813 1126 festum

224 1150 434 1189 Dominice
454 1150 494 1189 in
526 1152 665 1190 Ramis
699 1153 920 1190 Palmarum
954 1164 1060 1190 anno
1090 1151 1199 1202 regni
1234 1151 1399 1191 Domini
1430 1153 1550 1203 Regis
1579 1165 1685 1190 nunc
1719 1153 1815 1192 duo-

222 1215 380 1254 decimo
400 1229 530 1254 coram
553 1216 709 1266 prefatis
730 1216 903 1255 Ricardo
924 1217 974 1255 de
993 1217 1214 1267 Wylughby
1243 1225 1282 1256 et
1309 1218 1493 1267 Johanne
1522 1218 1572 1256 de
1604 1219 1815 1267 Hambury

222 1280 453 1329 Justiciariis
492 1289 564 1320 etc.
605 1281 712 1320 venit
750 1281 948 1331 predictus
988 1281 1187 1320 Henricus
1216 1283 1267 1320 de
1299 1283 1420 1331 Percy
1463 1295 1531 1332 per
1574 1289 1813 1320 attornatum

222 1358 338 1384 suum
377 1346 610 1396 predictum,
641 1353 680 1385 et
709 1346 823 1384 datus
855 1353 912 1384 est
941 1345 977 1384 ei
1007 1345 1092 1384 dies
1120 1358 1247 1395 usque
1276 1345 1383 1384 diem
1415 1345 1554 1384 Martis
1594 1345 1814 1396 proximum

222 1417 312 1459 post
333 1413 475 1450 festum
498 1410 765 1449 Exaltacionis
787 1411 932 1449 Sancte
963 1410 1099 1450 Crucis
1129 1411 1234 1460 apud
1267 1411 1463 1460 Pikeryng
1492 1424 1624 1449 coram
1654 1410 1813 1461 prefatis

224 1475 454 1524 Justiciariis
489 1483 560 1514 etc.
585 1476 636 1513 ad
670 1474 847 1525 predicta
880 1475 1021 1514 clamia
1052 1488 1121 1514 sua
1152 1475 1376 1525 placitanda
1410 1483 1447 1514 et
1476 1476 1754 1525 prosequenda
1783 1475 1815 1514 si

223 1539 297 1578 sibi
325 1539 465 1579 viderit
492 1539 686 1589 expedire.
746 1541 811 1578 Ad
845 1552 963 1590 quem
997 1540 1104 1580 diem
1135 1540 1273 1578 Martis
1304 1540 1524 1590 proximum
1553 1548 1642 1590 post
1671 1542 1815 1579 festum

223 1604 489 1643 Exaltacionis
510 1606 653 1643 Sancte
674 1603 812 1644 Crucis
840 1605 948 1654 apud
986 1605 1180 1655 Pikeryng
1200 1618 1332 1644 coram
1368 1604 1525 1655 prefatis
1560 1604 1734 1644 Ricardo
1764 1606 1816 1644 de

223 1670 445 1720 Wylughby
483 1677 521 1708 et
559 1670 742 1719 Johanne
780 1670 831 1708 de
876 1671 1085 1720 Hambury
1114 1669 1345 1720 Justiciariis
1375 1677 1448 1709 etc.
1479 1669 1586 1709 venit
1614 1670 1814 1720 predictus

224 1733 422 1772 Henricus
443 1735 493 1772 de
523 1736 645 1784 Percy
666 1734 705 1772 in
726 1735 884 1785 propria
904 1748 1071 1785 persona
1092 1748 1162 1773 sua
1181 1736 1232 1774 ad
1253 1735 1395 1773 clamia
1424 1748 1495 1774 sua
1522 1736 1812 1785 prosequenda,

225 1805 263 1837 6(
291 1798 387 1838 dicit
421 1800 529 1849 quod
560 1799 645 1849 ipse
680 1806 717 1838 et
756 1812 894 1838 omnes
923 1807 1191 1839 antecessores
1221 1799 1280 1838 sui
1309 1807 1488 1839 tenentes
1518 1800 1736 1839 manerium
1765 1801 1817 1838 de

224 1865 383 1903 Semere
431 1863 651 1914 predictum
700 1877 723 1902 a
770 1871 949 1915 tempore
997 1878 1078 1915 quo
1116 1878 1197 1904 non
1236 1872 1340 1904 extat
1377 1864 1569 1903 memoria
1606 1871 1817 1903 tenuerunt

224 1928 442 1967 manerium
478 1928 701 1979 predictum
740 1936 847 1967 extra
876 1931 1084 1979 regardum
1114 1931 1256 1968 foreste
1295 1929 1481 1980 predicte,
1513 1937 1552 1968 et
1595 1930 1816 1968 habuerunt

223 1994 508 2032 wodewardum
540 2000 761 2043 portantem
791 2007 926 2032 arcum
958 2002 995 2033 et
1025 1995 1184 2044 sagittas
1214 2002 1252 2033 et
1294 1995 1346 2033 ad
1388 1995 1696 2044 presentandum
1734 2006 1818 2044 pre-

224 2059 416 2097 sentanda
454 2059 504 2097 de
542 2058 759 2097 venacione
798 2066 964 2106 tantum,
1000 2066 1039 2098 et
1073 2060 1295 2098 habuerunt
1326 2059 1488 2098 liberam
1523 2071 1743 2097 warennam
1774 2057 1816 2096 in

223 2123 400 2162 manerio
452 2123 631 2173 predicto
671 2122 832 2172 ubique,
873 2130 911 2162 et
949 2123 1098 2162 ibidem
1138 2125 1322 2173 fugarunt
1362 2131 1401 2162 et
1443 2130 1632 2173 ceperunt
1665 2124 1813 2173 vulpes,

223 2189 388 2237 lepores,
410 2187 615 2237 capriolos‚
637 2194 746 2226 catos
767 2195 806 2226 et
835 2194 1012 2226 tessones
1041 2196 1122 2227 tam
1151 2188 1249 2227 infra
1279 2196 1509 2238 coopertum
1540 2201 1660 2238 quam
1695 2196 1812 2235 extra,

224 2260 263 2292 et
297 2252 543 2291 eradicarunt
573 2252 752 2291 brueram
787 2251 827 2290 in
862 2265 973 2291 mora
1003 2253 1054 2291 de
1081 2254 1241 2292 Semere
1271 2253 1381 2292 ³'‘²sine
1410 2253 1494 2291 visu
1524 2252 1815 2292 forestariorum

223 2330 296 2367 pro
325 2318 527 2356 voluntate
556 2330 625 2356 sua
654 2316 828 2367 ubique*
857 2316 1035 2367 predicta
1064 2325 1101 2357 et
1122 2319 1228 2357 illam
1258 2319 1521 2358 vendiderunt
1550 2326 1589 2358 et
1618 2320 1814 2358 dederunt

224 2395 295 2432 pro
316 2383 518 2420 voluntate
538 2394 618 2429 sua,
636 2389 675 2420 et
694 2382 916 2420 habuerunt
937 2381 978 2419 in
997 2382 1126 2421 boscis
1148 2384 1198 2422 de
1219 2385 1379 2423 Semere
1399 2385 1550 2434 forgeas
1572 2391 1609 2422 et
1631 2383 1813 2431 mineras‚

227 2446 420 2485 vaccarias
460 2454 498 2486 et
536 2445 729 2485 bercarias
764 2453 802 2485 et
840 2445 1055 2495 agistarunt
1087 2455 1125 2487 et
1158 2449 1382 2487 habuerunt
1419 2448 1677 2498 agistamenta
1715 2448 1815 2487 infra

224 2511 442 2550 manerium
463 2511 684 2561 predictum
705 2512 755 2550 de
776 2512 936 2550 Semere
967 2511 1051 2551 sine
1081 2511 1167 2551 visu
1201 2511 1490 2551 forestariorum
1511 2525 1581 2562 pro
1610 2513 1815 2551 voluntate

225 2589 295 2615 sua
314 2576 463 2626 ubique
482 2576 522 2614 in
542 2576 684 2624 boscis,
717 2575 836 2614 moris
866 2583 905 2615 et
933 2576 1027 2614 alibi
1055 2575 1153 2615 infra
1182 2576 1332 2616 dictum
1364 2576 1594 2624 manerium,
1617 2583 1656 2615 et
1675 2589 1812 2626 ampu-

223 2647 355 2679 tarunt
375 2648 413 2680 et
433 2641 628 2680 dederunt
644 2648 682 2679 et
701 2640 962 2679 vendiderunt
983 2642 1148 2680 boscum
1179 2655 1294 2680 suum
1322 2641 1421 2680 infra
1451 2641 1667 2680 manerium
1697 2654 1814 2679 suurn

280 2769 346 2808 On
392 2768 469 2807 this
516 2769 592 2819 day
631 2770 771 2818 Henry
810 2770 860 2808 de
900 2771 1023 2819 Percy
1060 2770 1258 2819 appeared
1296 2770 1336 2808 in
1374 2782 1518 2820 person
1565 2770 1699 2807 before
1746 2769 1815 2807 the

223 2833 405 2884 Justices‚
446 2833 622 2872 Richard
659 2835 710 2873 de
747 2834 996 2884 Willoughby
1024 2835 1104 2873 and
1133 2835 1238 2884 John
1279 2835 1329 2873 de
1374 2835 1592 2882 Hambury,
1624 2833 1704 2871 and
1738 2846 1815 2872 was

224 2899 344 2949 ready
382 2905 422 2937 to
452 2911 572 2948 prove
603 2899 686 2936 that
715 2899 766 2938 he
794 2899 875 2937 and
905 2900 955 2938 all
984 2898 1044 2937 his
1073 2906 1274 2937 ancestors
1303 2897 1467 2947 holding
1501 2897 1568 2935 the
1597 2909 1734 2935 manor
1775 2897 1820 2935 of

226 2964 385 3002 Seamer
404 2963 503 3001 have
523 2964 623 3001 from
643 2962 737 3001 time
757 2962 1020 3002 immemorial
1049 2964 1217 3014 enjoyed
1238 2964 1306 3002 the
1334 2961 1456 3011 rights
1485 2960 1654 2999 claimed
1674 2962 1813 3000 above·

474 3040 489 3054 *
515 3039 670 3072 Between
687 3039 777 3072 these
794 3040 901 3072 words
917 3039 1007 3072 there
1024 3039 1050 3071 is
1068 3039 1197 3072 written
1213 3043 1306 3069 vacat
1323 3038 1355 3069 in
1372 3036 1576 3079 Exehequer.
