2044 3491
796 255 1030 288 coUCHER
1062 256 1205 288 BOOK.
1744 257 1798 300 77

212 352 288 393 isto
308 353 469 393 inferius
489 353 680 393 nominati
701 353 826 392 exacti
855 355 1011 393 fuerunt
1045 354 1222 392 secundo
1253 354 1474 393 secundum
1495 355 1659 393 formam
1680 355 1796 405 hujus

213 419 340 458 brevis
361 427 399 458 et
427 432 507 458 non
537 426 864 469 comparuerunt„
882 420 933 457 ad
963 418 1216 459 Comitatum.
1239 420 1532 458 Eboracensem
1557 426 1711 458 tentum
1733 419 1798 458 die

215 485 328 523 Lune
361 484 540 534 proximo
574 492 661 534 post
693 485 832 523 festum
869 491 1002 523 sancte
1038 483 1250 523 Petronille
1281 497 1387 522 anno
1418 483 1596 534 predicto
1630 483 1798 533 predicti

213 549 413 587 Robertus
445 550 495 587 de
529 548 734 588 Chibourn
767 555 804 587 et
834 548 899 587 alii
932 548 972 586 in
1006 548 1115 587 brevi
1148 548 1224 586 isto
1258 547 1416 587 inferius
1451 547 1643 587 nominati
1673 547 1799 587 exacti

214 615 369 651 fuerunt
390 613 512 651 tercio
533 615 752 652 secundum
774 615 938 652 formam
959 615 1076 663 hujus
1097 613 1223 652 brevis
1245 620 1283 651 et
1304 626 1385 651 non
1410 620 1723 662 comparuerunt,
1745 613 1797 651 ad

213 677 456 716 Comitatum
481 678 772 716 Eboracensem
794 685 945 717 tentum
967 678 1032 717 die
1054 680 1165 717 Lune
1185 677 1364 727 proximo
1385 684 1473 726 post
1494 678 1638 715 festum
1659 679 1799 715 Trans-

211 741 374 780 lacionis
408 741 533 780 sancti
566 743 723 782 Thome
757 742 936 781 marturis
971 756 1076 781 anno
1109 742 1287 792 predicto
1319 740 1485 791 predicti
1519 738 1718 780 Robertus
1747 742 1799 780 de

214 807 418 846 Chibourn
440 814 478 845 et
497 806 562 845 alii
582 806 623 845 in
643 807 751 846 brevi
770 807 846 847 isto
867 808 1026 847 inferius
1056 807 1248 846 nominati
1278 807 1404 846 exacti
1424 808 1580 845 fuerunt
1600 814 1740 857 quarto
1761 813 1800 846 et

211 884 293 909 non
328 879 633 921 comparuerunt
667 879 724 911 set
758 880 1070 922 manuceperunt
1106 870 1158 925 [?]
1194 885 1263 922 per
1301 873 1524 910 Robertum
1563 873 1705 921 Geges,
1746 872 1799 910 ad

212 935 455 975 Comitatum
478 938 768 976 Eboracensem
790 945 941 976 tentum
962 937 1027 977 die
1049 939 1161 976 Lune
1192 937 1230 975 in
1253 938 1352 975 festo
1374 935 1508 975 Sancti
1530 935 1800 974 Bartholomei

212 1013 318 1039 anno
338 1001 516 1050 predicto
536 1002 741 1050 Johannes
762 1003 812 1041 de
835 1003 1025 1050 Metham,
1050 1003 1251 1040 Robertus
1272 1002 1323 1040 de
1353 1002 1578 1049 Saltmersh,
1603 1000 1801 1039 Henricus

212 1065 263 1103 de
285 1065 561 1113 Fisshebourn,
586 1065 786 1105 Henricus
815 1069 866 1107 de
897 1067 1059 1117 Percyff·
1082 1067 1298 1106 Willelmus
1328 1066 1429 1105 filius
1452 1065 1600 1116 Rogeri
1621 1066 1672 1105 de
1693 1067 1797 1113 Pert,

211 1131 429 1169 Willelmus
461 1132 562 1170 filius
596 1131 799 1182 Radulphi
832 1134 882 1171 de
917 1134 1086 1180 Roston‚
1108 1131 1245 1170 Simon
1280 1132 1383 1169 filius
1412 1131 1530 1169 Alani
1559 1132 1610 1169 de
1639 1132 1803 1170 Scarde-

212 1196 349 1245 burgh,
368 1197 605 1246 Radulphus
625 1198 677 1235 de
693 1198 859 1244 Yeland,
882 1198 1085 1246 Johannes
1107 1197 1157 1235 de
1179 1198 1305 1243 Mora,
1324 1197 1546 1235 Herbertus
1568 1196 1618 1234 de
1631 1196 1801 1243 Yeland‚

212 1259 353 1313 [289b]
383 1262 515 1299 Adam
545 1261 673 1300 dictus
704 1263 837 1300 Proud
867 1263 1008 1310 Adam,
1033 1263 1155 1311 Hugo
1185 1262 1236 1300 de
1269 1261 1409 1307 Eland‚
1437 1259 1655 1299 Willelmus
1684 1261 1802 1298 frater

212 1325 360 1376 Rogeri
397 1325 465 1363 filii
504 1325 621 1364 Alani
659 1327 695 1365 le
743 1328 890 1373 Carter,
931 1327 1135 1376 Johannes
1182 1325 1284 1364 filius
1333 1324 1480 1375 Rogeri
1527 1325 1577 1363 ad
1617 1326 1798 1371 Crucem,

213 1391 457 1440 Reginaldus
478 1392 592 1430 frater
606 1391 791 1430 Willelmi
811 1392 878 1429 filii
894 1393 1058 1442 Lygard,
1075 1393 1279 1441 Johannes
1294 1392 1344 1429 de
1361 1391 1564 1439 Calveton‚
1581 1390 1800 1428 Willelmus

213 1456 263 1493 de
286 1457 430 1505 Ergom
451 1457 689 1505 capellanus,
716 1456 932 1495 Willelmus
952 1456 1054 1495 filius
1076 1456 1244 1495 Henrici
1265 1463 1302 1495 et
1319 1457 1522 1506 Johannes
1543 1456 1593 1494 de
1615 1454 1800 1505 Brigham

212 1520 470 1559 reddiderunt
504 1533 545 1558 se
571 1520 730 1570 prisone
764 1521 918 1559 domini
950 1522 1071 1572 Regis
1110 1535 1279 1572 quorum
1320 1533 1484 1570 corpora
1523 1533 1657 1558 coram
1689 1518 1802 1558 vobis

212 1586 370 1624 habebo
404 1586 455 1624 ad
490 1585 596 1624 diem
629 1585 670 1623 in
704 1586 809 1624 brevi
846 1586 920 1624 isto
952 1594 1186 1625 contentum
1222 1587 1442 1624 secundum
1482 1586 1648 1623 formam
1683 1585 1802 1634 hujus

212 1651 351 1698 brevis,
375 1659 412 1690 et
445 1652 497 1690 ad
531 1652 702 1690 eundem
735 1650 982 1690 Comitatum
1016 1651 1183 1701 predicti
1219 1653 1419 1690 Robertus
1452 1651 1502 1689 de
1533 1649 1740 1689 Chibourn
1761 1657 1801 1688 et

214 1728 352 1754 omnes
391 1715 456 1754 alii
493 1715 533 1753 in
571 1715 680 1754 brevi
717 1715 793 1754 isto
841 1715 1002 1754 inferius
1047 1715 1241 1755 nominati
1294 1715 1420 1754 exacti
1459 1716 1615 1753 fuerunt
1654 1713 1796 1764 quinto

213 1782 434 1830 secundum
456 1782 621 1819 formam
641 1782 759 1830 hujus
789 1780 915 1819 brevis
938 1788 976 1820 et
997 1794 1078 1819 non
1111 1787 1428 1831 comparuerunt,
1451 1780 1543 1818 ideo
1578 1779 1618 1817 in
1648 1778 1801 1828 judicio

218 1847 451 1896 utlagantur.
511 1847 562 1884 Et
591 1846 791 1895 predictus
822 1846 1024 1895 Johannes
1054 1846 1104 1884 de
1135 1846 1326 1892 Metham,
1349 1845 1549 1883 Robertus
1579 1844 1804 1892 Saltmersh‚

219 1911 414 1950 Henricus
446 1912 497 1950 de
532 1911 780 1958 Fissheburn,
803 1911 1022 1950 Willelmus
1053 1910 1156 1949 filius
1193 1910 1339 1961 Rogeri
1374 1910 1424 1948 de
1460 1911 1561 1957 Fert,
1583 1909 1803 1947 Willelmus

213 2042 362 2080 holden
396 2054 448 2079 on
483 2042 674 2090 Monday,
708 2054 756 2078 20
786 2041 909 2090 April,
944 2041 1013 2080 the
1046 2040 1150 2079 third
1185 2040 1279 2079 time
1314 2047 1353 2078 at
1383 2040 1449 2078 the
1482 2040 1642 2088 County
1677 2037 1803 2077 Court

213 2108 363 2145 holden
402 2119 454 2144 on
494 2107 687 2154 Monday,
729 2120 744 2143 I
778 2107 894 2155 June,
930 2106 1010 2143 and
1048 2106 1114 2144 the
1155 2106 1286 2143 fourth
1327 2104 1421 2143 time
1461 2110 1501 2142 at
1540 2103 1607 2142 the
1646 2103 1807 2152 County

216 2173 341 2210 Court
378 2171 527 2209 holden
566 2184 619 2209 on
667 2171 856 2218 Monday,
904 2171 926 2207 6
965 2171 1068 2220 July,
1108 2183 1161 2208 on
1205 2182 1309 2208 none
1350 2170 1395 2207 of
1433 2167 1559 2207 which
1600 2165 1807 2206 occasions

215 2235 285 2274 did
305 2236 396 2285 they
416 2248 572 2285 appear,
594 2236 663 2273 but
684 2248 737 2273 on
766 2235 833 2273 the
855 2235 984 2273 fourth
1005 2234 1190 2273 occasion
1211 2235 1318 2284 John
1339 2235 1390 2273 de
1425 2234 1617 2279 Metham,
1655 2232 1809 2270 Robert

216 2303 267 2340 de
301 2302 524 2347 Saltmarsh,
548 2302 689 2349 Henry
709 2301 760 2338 de
781 2299 1014 2345 Fishbourn‚
1040 2300 1179 2349 Henry
1209 2300 1259 2337 de
1290 2300 1423 2347 Percy,
1459 2296 1629 2335 William
1666 2308 1740 2335 son
1769 2296 1815 2334 of

216 2368 350 2416 Roger
369 2367 419 2405 de
440 2368 541 2414 Pert,
564 2366 732 2404 William
766 2378 839 2403 son
873 2366 918 2403 of
942 2365 1075 2415 Ralph
1095 2366 1146 2404 de
1178 2367 1347 2412 Ruston‚
1369 2364 1506 2402 Simon
1528 2376 1601 2402 son
1631 2363 1674 2401 of
1699 2362 1803 2400 Alan

216 2432 267 2470 de
296 2431 580 2481 Scarborough,
603 2431 736 2480 Ralph
756 2431 807 2469 de
826 2431 992 2477 Yeland,
1015 2431 1121 2480 John
1142 2431 1192 2469 de
1215 2432 1345 2477 Moor,
1370 2430 1542 2468 Herbert
1564 2429 1614 2468 de
1634 2427 1804 2474 Yeland,

216 2497 347 2534 Adam
367 2496 493 2534 called
514 2496 646 2534 Proud
666 2496 810 2542 Adam,
835 2496 958 2544 Hugh
979 2496 1030 2534 de
1050 2495 1216 2542 Yeland‚
1240 2495 1410 2533 William
1432 2494 1594 2532 brother
1613 2494 1654 2532 of
1673 2494 1808 2542 Roget

217 2573 289 2598 son
304 2561 348 2599 os
363 2560 466 2598 Alan
485 2560 522 2598 le
544 2560 693 2605 Carter,
713 2560 819 2609 John
840 2572 913 2598 son
934 2561 978 2598 of
1004 2561 1138 2610 Roger
1157 2567 1195 2598 at
1218 2561 1347 2608 Cross‚
1371 2558 1569 2608 Reginald
1589 2557 1750 2596 brother
1770 2557 1816 2595 of

216 2624 386 2663 William
416 2637 488 2663 son
508 2625 553 2663 of
577 2623 730 2674 Ligard‚
753 2625 859 2674 John
880 2626 931 2663 de
952 2626 1156 2672 Calveton‚
1179 2625 1348 2663 William
1369 2624 1420 2663 de
1440 2625 1585 2672 Argam
1607 2615 1806 2672 chaplain,

217 2689 386 2727 William
403 2702 476 2727 son
492 2690 536 2727 of
548 2690 698 2738 Henry,
714 2690 822 2739 John
838 2689 888 2727 de
905 2687 1103 2738 Brigham‚
1118 2688 1342 2727 undertook
1357 2700 1410 2726 on
1424 2687 1490 2725 the
1504 2685 1581 2724 bail
1597 2686 1642 2724 of
1654 2686 1808 2724 Robert

219 2754 359 2803 Geges,
377 2760 417 2791 to
434 2766 578 2803 appear
596 2760 636 2791 at
656 2754 723 2792 the
744 2754 902 2803 County
918 2754 1044 2793 Court
1063 2761 1104 2792 to
1121 2754 1170 2792 be
1184 2754 1276 2792 held
1290 2765 1342 2791 on
1360 2752 1550 2801 Monday,
1573 2763 1622 2798 24
1640 2752 1806 2799 August,

219 2830 272 2856 on
310 2816 437 2856 which
468 2818 544 2867 day
573 2817 665 2867 they
699 2818 896 2867 appeared
933 2818 1013 2857 and
1053 2818 1324 2864 surrendered,
1362 2817 1443 2855 and
1481 2816 1547 2854 the
1585 2814 1811 2854 remainder

219 2894 318 2921 were
338 2888 406 2931 put
426 2881 466 2919 in
483 2881 637 2931 exigent
652 2883 718 2921 the
730 2883 817 2921 fifth
831 2882 926 2921 time
940 2883 1020 2922 and
1033 2883 1238 2922 outlawed.
1297 2882 1432 2920 Those
1448 2881 1534 2919 who
1550 2879 1811 2918 surrendered

263 2980 281 2997 ³⁶
305 2980 387 3012 This
402 2979 430 3012 is
443 2979 611 3021 evidently
627 2981 770 3013 inserted
785 2981 830 3023 by
845 2981 998 3021 mistake,
1017 2992 1053 3013 as
1082 2982 1199 3022 Henry
1214 2980 1255 3012 de
1281 2980 1383 3020 Percy
1401 2977 1467 3010 had
1484 2981 1541 3009 not
1557 2977 1643 3009 been
1658 2976 1808 3008 exacted.

219 3033 286 3065 For
315 3033 433 3074 Henry
456 3032 498 3065 de
519 3031 684 3064 Fishburn
699 3044 746 3065 see
761 3034 834 3066 Vol.
854 3034 913 3073 1Ι.,
933 3033 1033 3073 N.S.‚
1051 3043 1083 3073 p.
1105 3039 1155 3073 79.
1207 3032 1263 3064 He
1279 3041 1346 3063 was
1370 3030 1449 3062 then
1475 3029 1561 3061 dead
1587 3028 1653 3061 and
1677 3027 1730 3061 his
1752 3037 1813 3060 son

218 3084 396 3126 appeared.
