2044 3491
890 85 1305 166 1433908

710 256 946 288 COUCHER
979 255 1124 286 BOOK.
1662 252 1710 295 35

183 357 284 393 Item
315 361 540 405 presentant
561 354 670 404 quod
706 354 904 392 Robertus
938 351 1039 389 filius
1068 349 1281 389 Alexandri
1312 348 1415 398 cepit
1436 350 1471 386 xl
1493 350 1711 400 summagia

126 419 257 457 viridis
279 432 445 469 quercus
465 419 504 456 in
527 417 632 456 Haia
652 418 701 456 de
723 418 865 466 Scalby
884 415 984 454 infra
1005 414 1246 454 dominicum
1268 415 1388 463 precii
1405 422 1452 461 VS,
1470 422 1507 452 et
1527 414 1711 453 dimissus

125 484 197 522 suit
232 497 301 533 per
332 490 635 532 manucaptores
667 495 792 531 usque
826 482 876 520 ad
907 481 1069 519 assisam
1103 480 1230 528 istam,
1254 480 1322 529 qui
1352 480 1473 518 modo
1503 493 1584 517 non
1605 480 1711 518 venit

125 562 200 588 nec
221 549 325 598 prius
347 562 388 587 se
408 547 591 587 reddidit.
652 549 752 586 Ideo
772 548 823 585 ad
851 546 1045 596 judicium
1067 547 1118 584 de
1140 544 1487 594 manucaptoribus
1509 544 1598 582 suis.
1660 546 1710 582 Et

126 612 324 662 predictus
345 614 543 651 Robertus
563 612 818 662 respondebit
839 611 1004 650 domino
1024 613 1075 650 de
1105 610 1238 660 precio
1259 610 1372 648 viridi
1394 609 1560 659 predicti
1581 616 1618 647 et
1638 622 1710 658 pro

125 677 368 715 forisfactura
402 678 576 727 ejusdem
597 678 658 715 xlS.
720 679 863 715 Postea
884 683 1069 715 testatum
1091 683 1148 714 est
1179 676 1289 725 quod
1319 681 1622 724 manucaptores
1653 674 1710 712 sui

124 741 308 780 obierunt
328 742 419 780 ideo
440 741 562 779 nichil
582 741 742 780 ulterius
763 742 816 780 de
833 741 899 779 eis.

182 808 283 845 Item
305 814 532 856 presentant
552 807 661 856 quod
691 807 841 844 Alanus
872 807 1115 844 Beaufrount
1150 806 1200 843 de
1229 804 1502 853 Scardeburgh
1523 802 1590 853 qui
1612 803 1709 841 obiit

124 871 230 921 cepit
250 872 350 910 duos
381 873 547 911 stubbos
567 872 701 911 viridis
732 885 900 922 quercus
930 871 969 909 in
1002 870 1110 909 Haia
1138 869 1315 920 predicta
1344 868 1441 907 infra
1462 868 1708 907 dominicum

123 936 245 986 precii
266 935 334 986 vjd,
357 939 463 976 unde
494 946 633 976 tenens
663 945 850 976 terrarum
884 944 922 976 et
952 943 1271 976 tenementorum
1303 947 1381 985 que
1411 935 1568 972 fuerunt
1589 933 1708 984 ipsius

124 1002 242 1040 Alani
263 1002 518 1051 respondebit
539 1011 577 1041 et
599 1016 669 1052 pro
690 1002 936 1040 forisfactura
957 1002 1137 1050 ejusdem
1158 1002 1220 1049 ij.

180 1068 282 1105 Item
318 1076 545 1117 presentant
580 1069 689 1118 quod
720 1068 935 1105 Willelmus
967 1068 1190 1105 Wodeman
1225 1065 1291 1115 qni
1323 1064 1420 1102 obiit
1453 1064 1555 1113 cepit
1590 1077 1710 1102 unam

125 1132 290 1170 viridem
324 1146 513 1182 quercum
547 1140 585 1171 et
619 1132 751 1181 spinas
787 1145 855 1180 per
886 1131 1106 1180 summagia
1136 1131 1177 1168 in
1210 1129 1316 1168 Haia
1354 1130 1404 1167 de
1436 1129 1579 1178 Scalby
1612 1128 1710 1166 infra

126 1194 371 1236 dominicum
406 1197 526 1247 precii
555 1196 602 1246 jd,
638 1198 746 1235 unde
780 1196 998 1234 Willelmus
1031 1197 1066 1234 le
1104 1197 1288 1245 Latymer
1325 1202 1364 1232 et
1396 1194 1621 1231 Alexander
1659 1194 1710 1232 de

127 1262 253 1310 Bergh
286 1269 465 1300 tenentes
497 1269 684 1300 terrarum
717 1268 756 1299 et
789 1267 1107 1299 tenementorum
1139 1272 1215 1308 que
1250 1260 1406 1296 suerunt
1437 1257 1627 1296 Bernardi
1658 1259 1709 1296 de

126 1327 254 1375 Bergh
284 1339 408 1375 nuper
426 1326 595 1364 viridarii
625 1327 803 1374 ejusdem
843 1326 970 1363 warde
999 1325 1266 1374 respondeant
1296 1330 1333 1362 et
1364 1336 1433 1373 pro
1463 1323 1707 1361 forisfactura

124 1389 208 1439 xijd,
231 1391 281 1428 ad
302 1391 414 1439 cujus
434 1404 573 1429 manus
594 1389 836 1429 devenerint.

177 1456 281 1492 Item
316 1462 543 1504 presentant
578 1455 687 1504 quod
721 1454 917 1493 Ricardus
951 1455 1187 1492 Neucornen
1218 1454 1269 1492 de
1300 1454 1481 1492 Suthfeld
1511 1452 1577 1502 qui
1611 1452 1708 1492 obiit

124 1519 229 1569 cepit
249 1533 378 1558 ramos
413 1532 640 1569 quercuum,
664 1519 867 1557 huciarum
902 1528 940 1558 et
961 1519 1249 1569 cipplingorum
1281 1518 1319 1556 in
1352 1518 1457 1556 Haia
1487 1519 1537 1556 de
1568 1519 1710 1567 Scalby

122 1585 222 1624 infra
243 1585 486 1624 dominicum
507 1585 627 1635 precii
648 1583 705 1634 ijd,
727 1585 833 1623 unde
854 1584 974 1622 iidem
994 1592 1175 1622 tenentes
1197 1585 1416 1623 eorundem
1438 1582 1709 1621 viridariorum

124 1648 157 1702 [?
180 1651 358 1699 ejusdem
379 1648 566 1701 viridarii]
588 1650 853 1698 respondeant
874 1657 912 1687 et
933 1662 1004 1698 pro
1026 1649 1270 1687 forisfactura
1291 1649 1469 1698 ejusdem
1491 1649 1544 1697 ijs.

177 1717 278 1753 Item
299 1722 526 1768 presentant
547 1716 656 1764 quod
670 1715 861 1752 Walterus
883 1715 989 1762 Payn
1005 1713 1071 1763 qui
1090 1713 1186 1751 obiit
1208 1712 1314 1763 cepit
1335 1726 1462 1751 ramos
1480 1726 1706 1762 quercuum,

121 1779 324 1818 huciarum
358 1787 397 1818 et
426 1779 712 1829 cipplingorum
732 1778 880 1817 ibidem
901 1777 999 1815 infra
1020 1778 1265 1816 dominicum
1287 1785 1494 1816 noctanter
1514 1777 1636 1827 precii
1662 1777 1709 1827 jd,

178 1933 341 1979 Robert,
364 1945 437 1970 son
470 1932 516 1969 of
549 1931 784 1977 Alexander,
820 1931 916 1969 took
949 1931 1050 1980 forty
1080 1931 1311 1968 horseloads
1346 1931 1389 1968 of
1413 1943 1532 1980 green
1564 1931 1641 1969 oak
1672 1931 1712 1969 in

125 1998 266 2046 Scalby
297 1999 388 2046 Hay
422 1995 554 2034 within
588 1996 655 2034 the
686 1995 888 2042 demesne,
910 1996 1023 2034 value
1055 2003 1104 2045 55,
1127 1996 1205 2034 and
1234 2008 1310 2033 was
1344 1997 1397 2034 let
1431 2003 1500 2034 out
1535 2008 1586 2034 on
1619 1997 1710 2036 bail.

126 2063 194 2100 He
214 2062 283 2099 has
304 2068 374 2099 not
395 2061 653 2099 surrendered
673 2060 753 2097 and
775 2060 871 2098 does
900 2067 972 2098 not
1000 2072 1156 2109 appear.
1216 2060 1278 2096 To
1305 2060 1514 2108 judgment
1535 2060 1624 2099 with
1652 2061 1712 2099 his

123 2125 203 2164 bail
230 2126 309 2164 and
329 2125 430 2164 heis
451 2124 702 2174 responsible.
764 2124 862 2162 Fine
884 2131 960 2171 405.
1018 2124 1256 2162 Aftervvards
1286 2123 1315 2161 it
1344 2136 1508 2173 appears
1537 2126 1621 2164 that
1650 2125 1711 2163 his

123 2190 203 2228 bail
223 2203 287 2228 are
308 2191 421 2228 dead.
481 2191 572 2240 Stay
593 2191 638 2228 of
661 2189 920 2239 proceedings
941 2189 1116 2227 ordered.

177 2255 281 2292 Alan
314 2255 562 2301 Beaufrount‚
596 2255 641 2292 of
677 2254 965 2303 Scarborough‚
999 2253 1207 2299 deceased,
1245 2252 1342 2290 took
1381 2258 1456 2290 two
1496 2253 1632 2291 stubbs
1672 2254 1718 2291 of

123 2332 241 2369 green
263 2320 338 2357 oak
367 2318 407 2356 in
437 2319 503 2357 the
537 2320 629 2368 Hay
649 2318 783 2357 within
813 2319 880 2357 the
911 2318 1112 2364 demesne,
1135 2317 1249 2355 value
1282 2315 1335 2354 6⁶¹.
1396 2317 1495 2356 Fine
1528 2319 1574 2356 65.
1636 2317 1713 2357 His

124 2397 329 2423 successor
350 2383 380 2422 is
401 2383 658 2434 responsible.

178 2448 347 2487 William
367 2450 599 2495 Wodeman,
622 2449 827 2496 deceased,
859 2449 954 2488 took
988 2461 1011 2487 a
1043 2461 1161 2499 green
1192 2448 1268 2487 oak
1297 2448 1376 2486 and
1406 2449 1554 2487 several
1583 2448 1713 2487 horse-

122 2515 235 2552 loads
256 2514 302 2551 of
324 2513 460 2551 thorns
481 2513 521 2550 in
543 2514 682 2564 Scalby
705 2516 796 2564 Hay
816 2513 950 2552 within
971 2514 1038 2552 the
1067 2515 1267 2560 demesne,
1290 2513 1403 2551 value
1428 2512 1479 2551 Id.
1538 2513 1710 2552 William

123 2579 160 2616 le
180 2576 382 2616 Latimer*
403 2578 483 2615 and
503 2579 728 2617 Alexander
747 2579 798 2617 de
820 2579 960 2628 Bergh,
983 2591 1207 2617 successors
1235 2585 1277 2616 to
1299 2579 1474 2617 Bernard
1495 2579 1546 2617 de
1567 2579 1708 2629 Bergh,

123 2643 200 2682 late
221 2644 402 2682 verderer
421 2644 466 2681 of
489 2643 573 2681 that
594 2644 708 2690 ward,
731 2657 796 2681 are
817 2643 1062 2693 responsible
1092 2644 1151 2682 for
1180 2644 1246 2682 the
1267 2644 1380 2682 value
1417 2644 1497 2682 and
1517 2656 1540 2681 a
1569 2644 1648 2682 fine
1668 2645 1712 2682 of

128 2714 174 2754 1⁵,
197 2706 304 2746 since
324 2707 391 2746 the
411 2720 555 2756 money
574 2720 687 2745 came
706 2714 747 2746 to
768 2707 869 2746 their
891 2708 1028 2746 hands.

178 2770 353 2810 Richard
392 2773 646 2819 Newcomen,
687 2772 732 2810 of
769 2772 941 2819 Suffield,
975 2772 1181 2819 deceased,
1218 2772 1314 2810 took
1352 2772 1506 2822 boughs
1540 2773 1585 2810 of
1621 2773 1707 2819 oak‚

123 2835 242 2884 holly,
264 2835 343 2873 and
363 2835 532 2886 saplings
552 2837 592 2874 in
613 2837 754 2887 Scalby
775 2838 868 2886 Hay
886 2836 1021 2875 within
1044 2838 1109 2876 the
1138 2838 1338 2885 demesne,
1360 2838 1475 2876 value
1499 2836 1551 2876 2d.
1612 2837 1710 2876 Fine

127 2906 172 2937 2⁵.
231 2900 319 2938 The
340 2912 446 2938 same
466 2913 627 2950 persons
648 2902 903 2951 responsible.

177 2965 323 3003 Walter
357 2966 476 3015 Payn,
513 2965 718 3013 deceased,
754 2969 805 3017 by
841 2967 951 3018 night
989 2968 1084 3006 took
1119 2968 1273 3016 boughs
1307 2967 1351 3004 of
1377 2966 1463 3013 oak‚
1488 2966 1604 3016 holly,
1627 2968 1708 3006 and

388 3106 391 3107 ν
436 3084 450 3100 *
477 3083 558 3115 This
574 3083 652 3115 does
668 3087 726 3116 not
742 3084 832 3125 quite
848 3084 1047 3126 correspond
1065 3082 1143 3115 with
1162 3093 1193 3124 p.
1215 3082 1266 3122 26,
1286 3086 1397 3123 supra.

1470 3148 1497 3173 D
1530 3150 1548 3174 2
