2044 3491
731 239 965 272 COUCHER
998 239 1142 271 BOOK.
1682 240 1735 281 39

145 338 331 377 tariorum
371 338 452 378 sive
485 348 667 377 waranto.
728 338 828 376 Ideo
864 337 948 387 ipse
984 337 1022 375 in
1053 336 1330 376 misericordia.
1391 338 1514 376 Unde
1535 339 1733 376 Robertus

147 405 321 453 Derlyng
357 404 458 442 filius
497 405 581 453 ejus
620 410 658 441 et
693 403 806 441 heres
841 409 980 440 tenens
1015 409 1202 440 terrarum
1235 409 1274 441 et
1307 410 1625 441 tenementorum
1656 416 1734 452 que

145 471 301 507 fuerunt
321 467 440 518 ipsius
462 467 667 517 Radulphi
687 465 954 516 respondebit.
977 502 980 504 ,

202 535 305 572 Item
336 539 563 583 presentant
584 533 694 582 quod
725 531 920 570 Ricardus
942 531 1165 570 Choleman
1194 531 1245 570 de
1268 533 1489 582 Brumpton
1511 533 1615 582 cepit
1636 533 1734 572 duas

147 610 315 646 quercus
344 597 384 635 in
429 595 568 649 [267b]
603 597 852 636 Troucedale
881 603 987 634 extra
1031 596 1278 635 dominicum
1312 598 1462 647 absque
1496 597 1735 638 liberacione

148 662 437 701 forestariorum
459 662 539 701 sive
559 668 741 700 waranto.
802 662 901 700 Ideo
922 660 1005 710 ipse
1025 660 1064 698 in
1086 660 1361 700 misericordia.

204 729 306 767 Item
329 734 554 778 presentant
575 728 684 777 quod
705 729 886 776 Rogerus
909 727 1072 764 Haldan
1102 726 1170 776 qui
1201 726 1298 765 obiit
1318 726 1424 777 cepit
1445 727 1542 765 duas
1563 740 1732 777 quercus

150 793 190 830 in
223 794 428 843 Depedale
459 793 558 831 infra
589 792 833 832 dominicum
866 791 986 842 precii
1020 792 1232 841 cujuslibet
1267 791 1336 842 vjd‚
1375 793 1482 831 unde
1514 793 1734 831 Nicholaus

149 857 252 896 filius
272 859 356 907 ejus
378 866 416 897 et
436 859 547 897 heres
568 866 706 896 tenens
728 865 914 895 terrarum
936 863 973 895 et
1003 863 1320 895 tenementorum
1341 871 1418 907 que
1439 859 1595 895 fuerunt
1616 857 1735 907 ipsius

152 923 298 973 Rogeri
318 923 574 973 respondebit
595 925 644 962 de
666 923 798 973 precio
819 922 931 961 viridi
952 922 1118 972 predicti
1139 930 1177 961 et
1198 936 1268 972 pro
1292 923 1534 961 forisfactura
1555 925 1734 973 ejusdem

151 988 230 1038 xijS.
289 991 432 1028 Postea
465 996 649 1028 testatum
684 996 742 1027 est
777 989 888 1038 quod
921 987 1088 1027 viridum
1128 988 1347 1038 predictum
1387 995 1547 1037 captum
1587 988 1657 1026 suit
1696 988 1736 1025 in

153 1066 365 1092 communa
387 1067 466 1093 sua.
527 1055 627 1093 Ideo
648 1053 769 1092 nichil
790 1055 840 1092 de
861 1053 993 1103 precio
1016 1066 1145 1103 neque
1166 1054 1217 1092 de
1238 1053 1491 1091 forisfactura.

207 1120 309 1157 Item
330 1127 557 1168 presentant
577 1120 688 1169 quod
709 1120 886 1157 Thomas
917 1120 1073 1168 Sturmy
1094 1118 1199 1168 cepit
1219 1132 1339 1156 unam
1360 1118 1523 1156 viridem
1547 1131 1736 1167 quercum

153 1184 193 1222 in
215 1185 369 1234 Daleby
389 1184 488 1223 infra
508 1184 752 1223 dominicum
772 1183 891 1233 precii
912 1182 988 1232 iiijd
1002 1190 1040 1221 et
1055 1182 1238 1221 dimissus
1259 1183 1332 1221 fuit
1351 1196 1421 1232 per
1438 1190 1738 1232 manucaptores

152 1263 278 1299 usque
312 1251 363 1288 ad
396 1249 556 1288 assisam
589 1250 716 1296 istam,
739 1249 807 1298 qui
839 1249 960 1287 modo
993 1261 1074 1286 non
1095 1247 1202 1286 venit
1233 1261 1308 1286 nec
1341 1247 1446 1297 prius
1482 1261 1522 1286 se
1552 1248 1733 1286 reddidit.

154 1315 254 1353 Ideo
274 1316 325 1352 ad
344 1313 535 1364 judicium
559 1315 609 1352 de
631 1312 979 1362 manucaptoribus
1001 1312 1080 1350 suis
1101 1320 1140 1351 et
1161 1312 1360 1362 predictus
1382 1313 1558 1350 Thomas
1578 1325 1737 1361 respon-

153 1380 263 1419 debit
283 1381 333 1419 de
354 1378 486 1429 precio
507 1378 620 1417 viridi
640 1377 807 1428 predicti
828 1384 866 1415 et
887 1378 937 1416 de
958 1377 1051 1415 foris
1073 1378 1221 1415 factura
1241 1378 1423 1425 ejusdem
1454 1376 1534 1426 iiijS.
1595 1379 1739 1415 Postea

151 1452 338 1483 testatum
373 1452 430 1483 est
465 1445 573 1494 quod
616 1450 917 1493 manucaptores
961 1442 1021 1481 sui
1064 1442 1257 1489 obierunt,
1291 1441 1383 1481 ideo
1422 1442 1542 1480 nichil
1581 1441 1740 1480 ulterius

152 1508 203 1546 de
225 1507 290 1547 eis.

152 1636 194 1676 in
216 1639 411 1678 Ebreston
432 1641 530 1679 insra
551 1641 797 1680 dominicum
819 1640 939 1690 precii
961 1640 1171 1690 cujuslibet
1203 1638 1248 1689 jd,
1271 1641 1379 1678 unde
1409 1641 1559 1677 Alanus
1582 1640 1742 1677 Malkac

152 1710 291 1742 tenens
330 1712 517 1744 terrarum
557 1714 595 1745 et
633 1714 952 1745 tenementorum
991 1718 1069 1754 que
1108 1705 1264 1743 fuerunt
1301 1704 1423 1754 ipsius
1464 1704 1638 1753 Philippi
1685 1717 1742 1742 re-

152 1769 363 1818 spondebit
383 1771 433 1809 de
455 1770 586 1821 precio
606 1771 720 1809 viridi
739 1769 905 1820 predicti
927 1777 964 1808 et
985 1782 1054 1819 pro
1076 1769 1317 1807 forisfactura
1338 1770 1517 1818 ejusdem
1538 1769 1616 1818 iiijS.

209 1835 311 1873 Item
342 1843 568 1884 presentant
588 1836 697 1886 quod
718 1835 848 1873 Adam
880 1834 1084 1872 Prudhom
1115 1833 1183 1883 qui
1213 1834 1310 1872 obiit
1339 1833 1493 1871 attraxit
1514 1833 1587 1871 sibi
1609 1846 1745 1882 quam-

153 1900 284 1949 plures
316 1912 482 1949 quercus
515 1907 621 1939 extra
655 1898 899 1938 dominicum
934 1899 1040 1937 unde
1074 1898 1167 1936 fecit
1206 1899 1353 1936 bordos
1383 1911 1482 1947 quos
1517 1897 1744 1936 vendicioni

154 2029 342 2067 demesne
363 2027 403 2066 in
434 2028 627 2067 Snainton
648 2028 811 2067 without
844 2027 963 2077 livery
985 2028 1030 2066 of
1053 2028 1120 2066 the
1150 2028 1332 2066 foresters
1367 2040 1411 2065 or
1431 2034 1601 2065 warrant.
1664 2026 1741 2064 His

154 2106 369 2140 successor,
393 2095 546 2131 Robert
567 2093 742 2143 Darling,
765 2093 826 2131 his
847 2105 920 2131 son
940 2092 1021 2130 and
1042 2092 1137 2139 heir,
1160 2092 1190 2130 is
1212 2092 1468 2141 responsible.

210 2157 386 2196 Richard
407 2158 618 2203 Cholman,
641 2158 685 2195 of
711 2159 945 2206 Brompton,
968 2157 1064 2194 took
1084 2163 1159 2194 two
1190 2157 1285 2194 oaks
1316 2156 1355 2194 in
1376 2156 1612 2194 Troutsdale
1634 2155 1740 2194 with-

155 2230 225 2260 out
246 2223 312 2260 the
334 2223 521 2261 demesne
543 2222 706 2261 without
726 2222 847 2272 livery
867 2224 913 2260 of
936 2222 1003 2260 the
1025 2223 1205 2260 foresters
1226 2234 1270 2259 or
1291 2227 1466 2258 warrant.
1525 2222 1573 2257 In
1595 2233 1742 2270 mercy.

210 2288 344 2336 Roger
374 2287 572 2333 Haldane‚
596 2287 803 2334 deceased,
827 2287 922 2325 took
955 2293 1030 2325 two
1065 2286 1161 2324 oaks
1195 2285 1234 2323 in
1271 2286 1478 2336 Deepdale
1509 2285 1643 2324 within
1675 2287 1741 2326 the

156 2351 356 2399 demesne,
378 2352 491 2390 value
527 2350 571 2390 6d
591 2351 700 2390 each.
759 2351 857 2390 Fine
882 2358 952 2389 12³.
1015 2350 1091 2389 His
1122 2363 1337 2398 successor,
1361 2351 1562 2398 Nicholas,
1587 2351 1646 2389 his
1667 2365 1739 2390 son

155 2415 234 2453 and
256 2415 350 2463 heir,
372 2415 404 2454 is
424 2415 680 2465 responsible.
737 2417 975 2455 Afterwards
996 2415 1025 2454 it
1044 2428 1209 2465 appears
1230 2416 1315 2454 that
1335 2416 1402 2454 the
1422 2423 1505 2455 vert
1525 2429 1601 2455 was
1622 2417 1741 2455 taken

154 2492 196 2518 as
217 2480 263 2518 of
286 2493 474 2519 common
494 2479 607 2531 right,
629 2481 823 2520 therefore
843 2479 1103 2531 proceedings
1123 2493 1187 2519 are
1208 2481 1354 2530 stayed.

208 2546 386 2584 Thomas
420 2547 578 2595 Sturmy
605 2547 702 2585 took
735 2560 759 2585 a
790 2559 910 2596 green
940 2547 1018 2584 oak
1043 2545 1083 2584 in
1118 2546 1249 2596 Dalby
1269 2545 1403 2583 within
1436 2545 1504 2584 the
1537 2546 1737 2593 demesne,

154 2610 269 2648 value
289 2608 345 2657 4²³,
367 2611 446 2649 and
466 2624 541 2649 was
561 2611 615 2649 let
635 2618 704 2650 out
724 2624 777 2650 on
798 2610 885 2650 bail.
946 2612 1014 2649 He
1042 2611 1112 2648 has
1137 2617 1207 2649 not
1236 2611 1496 2649 surrendered
1526 2611 1605 2649 and
1639 2612 1736 2649 does

154 2682 225 2713 not
245 2688 400 2724 appear.
441 2677 503 2714 To
521 2676 730 2726 judgment
750 2676 840 2715 with
855 2675 914 2714 his
934 2675 1014 2714 bail
1029 2676 1109 2714 and
1130 2676 1180 2714 he
1200 2674 1232 2713 is
1253 2676 1506 2725 responsible.
1566 2676 1663 2714 Fine
1684 2684 1734 2723 4⁵.

153 2741 402 2788 Afterwards,
423 2754 465 2780 as
496 2742 524 2780 it
556 2755 720 2792 appears
751 2743 835 2781 that
867 2741 927 2780 his
958 2740 1037 2780 bail
1070 2754 1136 2780 are
1166 2742 1280 2787 dead,
1303 2740 1563 2790 proceedings
1583 2740 1735 2790 against

156 2805 264 2843 them
284 2818 349 2844 are
369 2808 516 2855 stayed.

211 2869 340 2919 Philip
362 2871 563 2921 GunneyS,
585 2872 792 2918 deceased,
815 2873 910 2911 took
940 2873 1025 2910 four
1052 2872 1147 2910 oaks
1175 2870 1215 2909 in
1244 2871 1467 2909 Ebberston
1502 2869 1635 2908 within
1669 2871 1736 2909 the

155 2934 356 2982 demesne,
379 2936 492 2973 value
531 2935 571 2973 1d
602 2937 728 2985 each,
755 2938 863 2985 total,
893 2936 1095 2986 including
1129 2938 1218 2984 fine,
1241 2944 1280 2983 4S
1300 2935 1355 2983 4d.
1416 2934 1492 2973 His
1520 2948 1734 2983 successor,

155 3000 258 3037 Alan
281 3000 474 3048 Malcake,
496 3002 750 3051 responsible.

209 3065 340 3104 Adam
362 3066 643 3113 Prudhomme‚
667 3067 872 3115 deceased,
896 3065 1172 3116 appropriated
1204 3065 1350 3105 several
1372 3065 1466 3104 oaks
1489 3063 1650 3104 without
1670 3065 1737 3105 the
