2044 3491
685 256 857 289 CORAM
890 255 1019 288 REGE
1050 254 1217 287 ROLLS.
1666 256 1743 287 211

162 354 383 406 inquiratur
402 367 471 404 per
490 353 656 405 patriam
674 368 684 402 3
714 360 752 392 et
772 352 940 404 predicti
960 353 1159 391 Robertus
1178 351 1280 391 filius
1300 351 1485 391 Willelmi
1514 359 1552 392 et
1571 353 1748 393 Thomas

162 420 345 458 Thurnef
368 418 552 457 similiter.
612 419 712 457 Ideo
732 417 863 456 veniat
883 417 975 456 inde
995 419 1132 467 Jurata
1152 430 1285 456 coram
1306 416 1470 456 domino
1491 418 1603 467 Rege
1631 431 1655 456 a
1683 418 1749 457 die

163 485 307 522 Sancte
327 482 528 521 Trinitatis
548 481 588 520 in
607 496 658 520 xv
677 481 762 521 dies
782 481 1024 531 ubicumque
1044 488 1117 529 ete,
1136 488 1175 520 et
1195 481 1262 531 qui
1281 494 1356 520 nec
1375 488 1448 529 etc,
1471 483 1522 521 ad
1541 483 1750 521 recordum

165 554 238 594 etc,
261 546 352 597 quia
371 554 451 585 tam
472 553 546 585 ete.

502 684 648 723 Coram
678 684 789 733 Rege
818 681 925 721 Trin.
961 696 1007 720 22
1040 682 1113 721 Ed.
1148 683 1226 720 III.
1259 695 1309 720 m.
1343 680 1425 731 430¹.

218 763 352 811 Jurata
380 763 481 802 inter
501 765 720 803 Robertum
742 765 792 803 de
812 764 1084 813 Scardeburgh
1106 771 1145 803 et
1178 765 1376 803 Thomam
1405 762 1538 802 White
1571 768 1751 802 tenentes

166 834 205 866 et
243 828 532 867 communarios
570 828 660 868 ville
698 830 749 868 de
789 831 985 869 Ebreston
1033 837 1241 880 querentes
1280 838 1318 869 et
1357 831 1580 869 Robertum
1626 828 1752 867 filium

165 892 351 930 Willelmi
371 895 513 943 Wyern
534 901 573 932 et
606 894 804 932 Thomam
820 896 999 943 Thurnyf
1027 896 1079 934 ad
1111 896 1481 945 recognoscendum
1509 902 1573 934 etc
1606 893 1638 933 si
1669 906 1753 944 pre-

165 956 261 995 dicti
281 958 481 996 Robertus
512 957 614 996 filius
647 958 835 997 Willelmi
875 966 914 997 et
947 959 1126 997 Thomas
1157 960 1342 1010 Thurnyf
1368 960 1591 998 habuerunt
1624 959 1754 998 wode-

165 1023 339 1060 wardum
359 1023 410 1061 ad
427 1023 733 1062 custodiendum
747 1023 913 1062 boscum
936 1037 1049 1062 suum
1066 1025 1116 1063 de
1137 1025 1334 1063 Ebreston
1351 1024 1569 1063 secundum
1591 1022 1754 1061 assisam

166 1088 309 1125 foreste
329 1095 367 1126 et
399 1088 586 1127 corticem
607 1089 658 1127 de
678 1089 863 1127 omnibus
894 1089 1116 1138 quercubus
1139 1088 1300 1127 succisis
1330 1096 1368 1127 et
1400 1102 1469 1138 per
1497 1087 1684 1127 ballivum
1715 1093 1754 1125 et

166 1150 387 1190 forestarios
419 1152 572 1191 domini
605 1153 656 1191 de
691 1153 895 1202 Pykeryng
914 1153 1031 1191 alicui
1065 1152 1236 1192 liberatis
1257 1153 1298 1191 in
1317 1155 1441 1192 bosco
1475 1154 1526 1192 de
1556 1154 1753 1191 Ebreston

166 1222 259 1255 ante
279 1216 460 1255 ultimum
491 1216 564 1256 iter
583 1225 700 1267 prout
730 1230 799 1267 per
827 1219 1023 1256 clameum
1057 1231 1171 1256 suum
1201 1218 1241 1256 in
1272 1218 1412 1257 ultimo
1442 1217 1580 1256 itinere
1611 1218 1755 1256 foreste

168 1280 336 1318 Henrici
357 1280 522 1320 Comitis
544 1281 770 1320 Lancastrie
790 1282 840 1320 de
861 1283 1066 1333 Pykeryng
1085 1296 1219 1321 coram
1250 1282 1424 1322 Ricardo
1454 1283 1505 1322 de
1533 1282 1755 1332 Wylughby

167 1352 206 1383 et
245 1345 360 1384 sociis
395 1346 474 1384 suis
506 1346 737 1396 Justiciariis
768 1346 1041 1385 itinerantibus
1075 1348 1126 1385 ad
1159 1347 1304 1397 placita
1333 1349 1475 1386 foreste
1505 1346 1682 1397 predicte
1715 1346 1756 1384 in

166 1409 355 1448 comitatu
388 1411 567 1460 predicto
615 1410 821 1461 assignatis
852 1411 917 1450 die
952 1413 1065 1450 Lune
1103 1412 1283 1462 proximo
1316 1419 1407 1462 post
1445 1413 1590 1451 festum
1622 1410 1756 1450 Sancti

168 1474 376 1513 Michaelis
397 1488 501 1514 anno
534 1476 643 1526 regni
664 1475 786 1526 Regis
806 1489 912 1514 nunc
933 1476 1075 1526 Anglie
1110 1485 1252 1515 octavo
1273 1478 1532 1515 clamatorum
1563 1474 1597 1528 [Ρ
1617 1477 1758 1514 clama-

166 1537 335 1591 verunt]‚
358 1540 421 1578 vel
441 1539 473 1577 si
503 1539 671 1589 predicti
691 1540 891 1579 Robertus
922 1541 973 1579 de
994 1542 1268 1591 Scardeburgh
1289 1548 1327 1580 et
1357 1542 1533 1580 Thomas
1554 1539 1688 1579 White
1718 1549 1758 1580 et

168 1603 232 1642 alii
252 1604 510 1643 communarii
533 1605 755 1644 habuerunt
775 1606 1064 1643 wodewardum
1087 1613 1125 1644 et
1145 1606 1334 1645 corticem
1355 1607 1406 1645 de
1427 1605 1610 1645 omnibus
1640 1618 1754 1655 quer-

168 1670 294 1707 cubus
333 1669 509 1708 similiter
548 1678 664 1719 prout
703 1669 777 1719 ipsi
815 1669 856 1707 in
891 1669 1011 1709 Curia
1049 1670 1170 1720 Regis
1209 1683 1342 1709 coram
1382 1673 1493 1720 Rege
1531 1669 1758 1720 placitando

169 1741 411 1784 supponunt,
433 1734 509 1772 nisi
531 1735 570 1772 in
600 1734 805 1773 communi
826 1748 917 1772 cum
937 1734 1021 1773 aliis
1056 1734 1332 1773 communariis
1364 1742 1401 1773 et
1422 1735 1638 1774 convicinis
1667 1734 1759 1774 ville

169 1799 354 1849 predicte,
378 1812 455 1849 que
476 1799 638 1849 quidem
660 1800 809 1838 clamea
831 1799 886 1837 eis
906 1800 1075 1837 allocata
1095 1801 1251 1838 fuerunt
1271 1799 1312 1837 in
1342 1798 1481 1838 itinere
1511 1799 1689 1850 predicto
1718 1799 1759 1837 in

170 1865 522 1904 exheredacionem
543 1865 718 1915 ipsorum
740 1864 906 1903 Roberti
926 1866 977 1904 de
1011 1864 1285 1914 Scardeburgh
1306 1871 1344 1902 et
1372 1865 1530 1902 Thome
1558 1863 1690 1902 White
1719 1871 1759 1902 et

169 1930 336 1968 aliorum
369 1930 730 1968 communariorum
760 1930 850 1968 ville
870 1929 1060 1979 predicte,
1096 1929 1197 1967 sicut
1226 1928 1393 1978 predicti
1426 1929 1625 1967 Robertus
1655 1927 1758 1966 filius

169 1994 354 2033 Willelmi
375 2002 413 2033 et
433 1996 610 2033 Thomas
631 1995 816 2044 Thurnyf
831 1993 980 2042 dicunt,
997 1995 1060 2033 vel
1079 2007 1162 2032 non
1183 1992 1283 2031 sicut
1304 1993 1471 2043 predicti
1492 1994 1692 2032 Robertus
1708 1993 1760 2031 de

172 2060 444 2110 Scardeburgh
479 2067 517 2098 et
556 2060 732 2098 Thomas
763 2059 893 2098 White
927 2058 1066 2098 dicunt
1100 2071 1237 2105 necne,
1275 2058 1433 2107 ponitur
1467 2058 1507 2096 in
1537 2065 1760 2107 respectum

171 2209 317 2249 claims.
377 2210 490 2260 They
520 2223 616 2260 pray
647 2223 697 2249 an
718 2209 885 2260 inquiry,
920 2211 1000 2249 and
1034 2212 1187 2250 Robert
1223 2211 1273 2249 de
1293 2212 1461 2260 Wyerne
1481 2210 1561 2249 and
1581 2210 1760 2248 Thomas

170 2275 354 2313 Thurnef
368 2275 420 2313 do
441 2275 507 2313 the
527 2274 615 2314 like.
674 2277 711 2313 A
731 2277 828 2325 Jury
859 2275 891 2313 is
925 2275 1170 2314 summoned
1199 2276 1259 2313 for
1287 2275 1354 2314 the
1384 2274 1582 2325 following
1609 2274 1762 2325 Trinity

171 2341 301 2378 Term.

750 2414 904 2465 Trinity
924 2417 1054 2462 Term,
1082 2416 1193 2464 1348.

225 2496 314 2534 The
347 2498 441 2546 Jury
474 2496 652 2534 between
692 2496 845 2534 Robert
882 2496 933 2535 de
971 2496 1247 2545 Scarborough
1281 2495 1362 2534 and
1402 2495 1580 2534 Thomas
1617 2495 1758 2543 White,

172 2568 328 2600 tenants
361 2561 440 2599 and
470 2573 721 2599 commoners
752 2561 799 2598 of
823 2561 890 2599 the
911 2559 1107 2611 township
1127 2561 1174 2599 of
1197 2561 1435 2607 Ebberston,
1468 2559 1663 2609 plaintiffs,
1682 2560 1762 2599 and

173 2626 326 2664 Robert
360 2626 526 2674 Wyerne
560 2625 639 2663 and
659 2625 835 2663 Thomas
866 2625 1054 2672 Thurnet‘,
1088 2626 1336 2673 defendants,
1378 2625 1409 2663 is
1447 2624 1622 2674 respited
1661 2624 1761 2662 until

174 2690 434 2728 Michaelmas
450 2691 570 2727 Term
587 2690 755 2728 because
770 2702 876 2728 none
892 2690 938 2728 of
952 2690 1019 2728 the
1034 2691 1130 2740 Jury
1146 2703 1245 2729 were
1258 2696 1428 2740 present.
1468 2689 1557 2727 The
1578 2688 1762 2738 question

174 2761 213 2792 at
232 2753 335 2792 issue
354 2753 387 2792 is
416 2755 590 2792 whether
621 2755 774 2792 Robert
807 2755 858 2793 de
878 2755 1046 2802 Wyerne
1076 2754 1158 2792 and
1188 2754 1364 2792 Thomas
1396 2753 1582 2791 Thurnef
1607 2752 1698 2799 had,
1720 2765 1762 2790 as

173 2819 265 2868 they
285 2818 419 2867 allege,
441 2831 465 2856 a
485 2819 717 2866 woodward‚
738 2817 952 2867 according
972 2824 1012 2856 to
1029 2817 1096 2856 the
1116 2816 1253 2855 Assize
1274 2818 1318 2855 of
1333 2817 1401 2856 the
1422 2818 1571 2863 Forest,
1587 2824 1628 2855 to
1641 2816 1763 2866 guard

174 2882 275 2922 their
294 2883 409 2921 wood
429 2889 468 2921 at
489 2883 723 2929 Ebberston,
760 2883 840 2921 and
876 2883 959 2920 also
992 2882 1072 2920 had
1110 2881 1177 2920 the
1206 2881 1303 2920 bark
1341 2882 1440 2919 from
1461 2882 1511 2919 all
1532 2881 1627 2919 oaks
1645 2881 1764 2919 felled

173 2946 214 2984 in
235 2947 319 2985 that
339 2947 453 2985 wood
473 2947 552 2985 and
573 2946 772 2985 delivered
791 2953 833 2986 to
852 2959 930 2996 any
958 2958 1100 2995 person
1121 2946 1172 2994 by
1192 2945 1260 2983 the
1280 2943 1408 2983 bailiff
1421 2945 1501 2983 and
1522 2945 1702 2983 foresters
1724 2945 1770 2983 of

176 3010 394 3060 Pickering‚
416 3023 458 3048 as
488 3011 555 3049 the
584 3011 819 3049 defendants
857 3009 1108 3058 successfully
1141 3008 1310 3047 claimed
1343 3008 1384 3046 in
1404 3009 1470 3047 the
1492 3009 1628 3047 Forest
1651 3010 1763 3057 Eyre‚

176 3077 270 3115 held
292 3089 344 3115 on
366 3076 432 3114 the
466 3075 533 3113 6th
568 3076 671 3123 Oct„
712 3087 826 3123 1334,
861 3075 996 3114 before
1029 3073 1205 3112 Richard
1238 3073 1289 3112 de
1320 3072 1574 3122 Willoughby
1606 3073 1684 3112 and
1705 3072 1764 3111 his

1528 3149 1551 3174 P
1584 3151 1602 3175 2
