2044 3491
774 236 1011 269 COUCHER
1043 237 1186 269 BOOK.
1724 231 1772 270 81

240 338 418 386 Rogerus
439 337 490 375 de
520 335 718 374 Midelton
739 333 850 385 ponit
870 335 960 373 loco
994 346 1064 372 suo
1099 334 1297 372 Thomam
1329 335 1421 372 Bret
1454 335 1515 373 vel
1550 335 1771 374 Robertum

179 401 325 450 Playce
355 431 361 440 .
395 431 402 439 .
435 431 442 439 .
478 432 485 440 .

229 465 466 514 Radulphus
488 466 538 504 de
559 465 742 502 Bulmere
761 462 874 513 ponit
894 463 984 501 loco
1005 475 1078 500 suo
1098 462 1296 500 Thomam
1327 463 1420 500 Bret
1449 463 1511 501 vel
1541 463 1767 512 Johannem

176 529 302 567 filium
322 529 439 567 Alani
460 530 510 568 de
530 530 765 567 Thorneton
795 558 802 566 .
835 557 842 566 .
876 557 883 566 .
916 558 923 565 .

225 594 427 642 Johannes
447 594 498 632 de
519 594 647 631 Melsa
667 592 778 630 miles
799 591 912 641 ponit
931 593 1020 630 1000
1041 604 1113 629 suo
1126 592 1341 628 Walterum
1361 591 1412 629 de
1432 592 1632 641 Trusseby
1653 622 1660 629 .
1685 621 1692 629 .
1718 622 1725 630 .
1759 619 1766 627 .

227 658 443 696 Willelmus
464 660 588 707 Bruys
608 656 720 706 ponit
739 657 830 694 1000
851 669 923 694 suo
946 656 1167 694 Robertum
1189 656 1313 704 Bruys
1343 684 1351 692 .
1385 684 1392 693 .
1428 685 1435 693 .
1469 684 1477 692 .

228 721 337 760 Prior
367 723 418 761 de
449 723 605 761 Malton
640 721 752 772 ponit
785 722 875 760 1000
906 733 979 759 suo
1012 721 1233 759 Robertum
1273 720 1428 770 Playce,
1473 720 1674 758 Thomam
1713 720 1764 758 de

175 788 335 825 Marton
355 787 416 826 vel
436 786 657 826 Galfridum
678 786 822 824 Russel
851 816 858 824 .
893 815 902 824 .
934 816 942 823 .
974 815 982 822 .

227 851 337 889 Prior
369 852 420 890 de
453 852 628 890 Ellerton
661 850 775 901 ponit
808 851 898 889 loco
932 862 1004 888 suo
1039 850 1261 887 Robertum
1296 849 1450 898 Playce,
1472 848 1673 886 Thomam
1707 848 1760 886 de

175 916 333 954 Marton
354 917 415 954 vel
437 915 655 954 Galfridum
677 915 821 953 Russel
851 944 859 953 .
891 944 900 953 .
932 945 939 952 .
972 944 980 952 .

226 980 425 1018 Robertus
446 980 557 1019 Prior
576 980 627 1018 de
648 978 895 1029 Bridlington
924 977 1036 1028 ponit
1064 978 1156 1016 1000
1185 989 1258 1016 suo
1290 976 1512 1016 Robertum
1533 977 1675 1026 Playce
1695 977 1758 1015 vel

174 1043 394 1082 Galfridum
414 1045 560 1082 Russel
589 1075 596 1082 .
631 1071 640 1081 .
670 1074 678 1082 .
711 1073 718 1082 .

226 1108 452 1147 Robertus*
472 1109 523 1147 de
551 1109 659 1147 Aton
688 1106 797 1158 ponit
826 1107 916 1146 loco
937 1119 1009 1145 suo
1041 1106 1264 1144 Robertum
1286 1107 1428 1155 Playce
1448 1106 1510 1145 vel
1539 1104 1760 1144 Galfridum

174 1173 318 1211 Russel
348 1204 356 1212 .
387 1204 394 1211 .
428 1204 435 1212 .
470 1205 477 1212 .

228 1235 340 1290 [291]
370 1238 504 1277 Abbas
525 1239 641 1277 beate
662 1237 789 1276 Marie
819 1234 1080 1275 Eboracensis
1102 1234 1213 1285 ponit
1233 1236 1323 1274 loco
1344 1247 1416 1273 suo
1445 1235 1645 1272 Thomam
1668 1235 1762 1273 Bret

173 1302 234 1339 vel
256 1303 476 1341 Robertum
498 1303 641 1352 Playce
670 1332 677 1339 .
710 1331 718 1340 .
750 1332 757 1340 .
790 1331 798 1340 .

225 1367 360 1405 Abbas
381 1368 431 1406 de
452 1368 558 1406 Bella
579 1367 716 1405 Landa
736 1365 847 1416 ponit
867 1366 957 1404 1000
979 1378 1051 1403 suo
1066 1364 1281 1402 Walterum
1302 1364 1353 1402 de
1373 1363 1572 1412 Trusseby
1602 1393 1610 1401 .
1641 1393 1648 1400 .
1683 1392 1690 1401 .
1725 1394 1732 1402 .

226 1431 402 1469 Thomas
422 1431 559 1470 Abbas
580 1432 631 1470 de
650 1429 835 1480 Whiteby
855 1429 967 1480 ponit
999 1430 1090 1468 1000
1119 1440 1192 1467 suo
1224 1428 1426 1466 Thomam
1459 1429 1553 1466 Bret
1581 1427 1645 1465 Vel
1675 1427 1766 1465 Gal-

172 1493 318 1534 fridum
340 1497 484 1535 Russel
514 1527 521 1534 .
553 1525 561 1534 .
594 1526 602 1534 .
634 1525 642 1534 .
1218 1509 1224 1515 ·

225 1562 417 1600 Walterus
448 1573 616 1610 persona
635 1558 801 1599 ecclesie
829 1559 880 1597 de
911 1558 1138 1597 Middelton
1170 1558 1281 1606 juxta
1313 1555 1510 1606 Pikeryng
1531 1554 1642 1605 ponit
1673 1556 1764 1594 loco

173 1638 245 1664 suo
267 1626 486 1663 Robertum
509 1626 632 1674 Bruys
653 1625 704 1662 de
726 1624 950 1673 Farmanby
978 1653 986 1661 .
1019 1653 1027 1660 .
1061 1652 1068 1660 .
1102 1652 1109 1660 .

223 1689 351 1728 Alicia
388 1702 466 1740 que
503 1689 576 1727 fuit
613 1701 710 1727 uxor
742 1687 936 1737 Johannis
975 1688 1119 1726 Gower
1156 1686 1269 1736 ponit
1306 1687 1397 1725 loco
1436 1698 1508 1725 suo
1541 1676 1763 1725 Galfridum

174 1755 318 1793 Russel
349 1785 357 1792 .
388 1785 395 1793 .
430 1784 438 1792 .
470 1785 477 1793 .

226 1820 428 1869 Johannes
476 1819 527 1857 de
574 1817 792 1857 Shirbourn
848 1816 961 1867 ponit
1017 1817 1107 1855 loco
1164 1828 1237 1854 suo
1293 1816 1493 1854 Thomam
1552 1817 1646 1854 Bret
1702 1816 1764 1854 vel

175 1885 398 1923 Robertum
419 1884 562 1932 Playce
593 1913 601 1921 .
632 1912 639 1920 .
675 1912 682 1920 .
715 1912 722 1920 .

233 1948 374 1987 Ballivi
414 1955 451 1987 et
491 1946 769 1987 Communitas
808 1944 928 1996 Burgi
966 1945 1017 1984 de
1056 1945 1330 1995 Scardeburgh
1373 1951 1527 1994 ponunt
1566 1945 1656 1983 loco
1694 1956 1766 1982 suo

173 2014 371 2052 Thomam
395 2015 487 2052 Bret
507 2014 568 2051 vel
589 2011 852 2050 Laurencium
875 2011 926 2049 de
947 2011 1113 2049 Neuton
1142 2040 1150 2048 .
1185 2040 1192 2048 .
1224 2040 1233 2048 .

224 2078 428 2128 Johannes
448 2078 499 2116 de
519 2077 669 2117 Clifton
690 2075 801 2126 ponit
817 2077 906 2114 loco
928 2088 1000 2114 suo
1020 2075 1236 2113 Walterum
1257 2074 1308 2113 de
1327 2075 1528 2123 Trusseby
1557 2104 1564 2113 .
1598 2104 1606 2112 .
1641 2104 1648 2112 .
1680 2104 1687 2112 .

225 2143 401 2180 Thomas
422 2142 606 2192 Ughtred
639 2141 750 2191 ponit
770 2141 859 2179 1000
891 2153 963 2178 suo
994 2141 1197 2189 Rogerum
1227 2141 1365 2189 Longe
1386 2140 1447 2177 vel
1467 2139 1687 2177 Walterum
1711 2139 1763 2177 de

175 2207 374 2256 Trusseby
403 2236 410 2244 .
442 2237 450 2245 .
483 2236 490 2244 .
522 2236 530 2244 .

227 2271 338 2310 Prior
385 2271 435 2310 de
484 2272 590 2309 Drax
638 2270 750 2320 ponit
792 2270 882 2308 loco
925 2280 998 2307 suo
1041 2268 1240 2307 Thomam
1289 2269 1383 2306 Bret
1429 2267 1493 2305 vel
1541 2266 1763 2305 Robertum

174 2338 318 2388 Playce
346 2368 354 2376 .
388 2369 396 2376 .
428 2367 435 2375 .
470 2368 477 2376 .

225 2402 402 2441 Thomas
423 2402 474 2440 de
495 2401 659 2451 Bolleby
679 2400 790 2451 ponit
810 2401 900 2439 loco
921 2411 993 2438 suo
1015 2398 1256 2437 Nicholaum
1277 2398 1420 2436 Gower
1450 2427 1456 2434 .
1490 2427 1497 2435 .
1531 2427 1540 2435 .
1571 2427 1578 2435 .

224 2467 442 2505 Willelmus
477 2467 637 2516 Couper
667 2467 718 2505 de
738 2466 911 2515 Aslacby
930 2465 1156 2514 capellanus
1186 2462 1296 2513 ponit
1324 2462 1415 2500 1000
1444 2474 1516 2500 suo
1545 2461 1760 2510 Walterum

174 2532 225 2570 de
244 2532 417 2570 Trusseb
473 2560 480 2570 .
514 2562 521 2570 .
554 2562 562 2570 .
589 2561 596 2569 .

225 2594 365 2648 [291b]
396 2545 570 2634 Tyhomas
602 2595 727 2634 Wake
756 2594 940 2634 dominus
970 2594 1020 2632 de
1050 2592 1175 2643 Lydel
1206 2590 1320 2642 ponit
1348 2592 1438 2629 loco
1468 2602 1539 2628 suo
1559 2590 1758 2628 Thomam

172 2663 265 2700 Bret
283 2663 345 2700 vel
366 2661 606 2699 Nicholaum
627 2660 678 2698 de
698 2660 958 2709 Repynghale
990 2688 997 2696 .
1032 2690 1039 2697 .
1073 2688 1081 2697 .
1114 2688 1122 2696 .

225 2727 411 2764 Decanus
450 2732 488 2764 et
526 2724 755 2774 Capitulum
794 2723 961 2762 ecclesie
1009 2721 1115 2761 beati
1150 2720 1256 2761 Petri
1304 2718 1568 2759 Eboracensis
1606 2725 1761 2769 ponunt

171 2790 261 2827 loco
282 2802 353 2827 suo
374 2790 598 2838 Johannem
620 2789 670 2827 de
691 2789 926 2827 Brauncroft
957 2817 964 2826 .
997 2817 1005 2826 .
1038 2818 1046 2826 .
1079 2818 1086 2826 .

216 2885 235 2904 *
259 2886 312 2916 Sic
339 2885 372 2916 in
398 2884 453 2916 the
481 2885 687 2927 Exchequer.
735 2885 807 2918 The
835 2885 987 2918 Coucher
1013 2885 1072 2917 has
1101 2895 1121 2916 a
1137 2884 1265 2923 blank3
1290 2893 1381 2915 more
1408 2881 1569 2925 probably
1585 2881 1640 2913 the
1667 2891 1763 2913 name

172 2937 291 2969 should
308 2937 349 2968 be
366 2937 544 2968 Gilbertus.

231 3111 319 3140 v0L.
353 3111 426 3147 111.‚
458 3111 534 3138 Ns
1579 3106 1605 3133 0
