2044 3491
782 250 1017 282 COUCHER
1049 251 1192 283 BOOK.
1703 256 1718 285 1
1728 253 1779 297 75

192 348 305 386 Lune
320 347 360 386 in
376 348 550 387 secunda
563 347 782 398 septimana
796 348 1106 399 Quadragesime
1119 356 1157 388 et
1171 348 1325 387 interim
1343 357 1556 399 sequantur
1569 352 1778 389 recordum

192 419 265 452 etc.
342 414 407 452 Ad
444 427 561 463 quem
601 413 706 452 diem
744 415 852 464 apud
892 414 1085 464 Pikeryng
1123 427 1257 452 eoram
1305 413 1465 463 prefatis
1505 414 1679 453 Ricardo
1728 416 1779 453 de

191 479 412 528 Wylughby
432 486 470 517 et
503 479 686 528 Johanne
707 480 758 517 de
781 480 986 528 Hambury
1014 477 1243 528 Justiciariis
1281 486 1367 525 etc.‚
1390 487 1580 517 venerunt
1610 479 1777 528 predicti

190 543 328 580 Ballivi
359 550 398 581 et
437 543 712 582 Communitas
744 551 782 582 et
816 544 998 582 nondum
1037 544 1184 581 habent
1225 543 1434 581 recordum
1471 550 1559 590 etc„
1596 550 1635 581 et
1665 556 1782 593 super

190 607 268 645 hoc
310 608 425 646 datus
466 617 524 646 est
567 608 621 647 eis
661 607 745 647 dies
787 609 894 658 apud
938 608 1133 657 Pikeryng
1173 620 1306 646 coram
1348 607 1505 657 prefatis
1548 607 1782 657 Justiciariis

191 685 317 721 usque
338 672 443 711 diem
464 672 687 722 proximum
718 681 807 723 post
836 674 977 712 festum
1007 672 1139 712 Sancti
1171 671 1324 710 Mathei
1355 671 1526 722 apostoli
1555 679 1594 711 et
1623 671 1778 710 interim

192 745 405 786 sequantur
451 739 660 776 recordum
707 747 780 777 etc,
867 739 933 776 Ad
963 751 1083 787 quem
1121 736 1228 776 diem
1267 738 1375 786 apud
1414 737 1610 786 Pikeryng
1649 750 1782 775 coram

192 801 367 840 Ricardo
414 802 464 840 de
502 802 714 852 Wilughby
752 810 790 841 et
836 803 1020 852 Johanne
1068 803 1118 841 de
1168 803 1376 850 Hambury
1422 801 1654 851 Justiciariis
1703 810 1779 841 etc.

191 873 384 904 venerunt
413 866 580 915 predicti
602 867 741 906 Ballivi
761 875 799 906 et
820 867 1094 907 Communitas
1130 874 1168 905 et
1202 867 1383 905 nondum
1403 867 1550 905 habent
1571 868 1780 905 recordum

193 937 280 977 etc„
305 938 342 969 et
362 944 477 980 super
505 932 581 970 hoc
611 934 727 971 datus
762 940 820 971 est
860 932 914 971 eis
955 932 1039 971 dies
1078 933 1186 981 apud
1230 933 1425 981 Pikeryng
1458 944 1591 970 coram
1623 931 1783 981 prefatis

192 995 424 1045 Justiciariis
445 1010 569 1047 usque
590 997 697 1036 diem
715 999 827 1036 Lune
848 997 1069 1047 proximum
1094 1004 1183 1047 post
1204 997 1345 1035 festum
1364 995 1576 1035 Dominice
1592 995 1631 1033 in
1646 996 1786 1034 Ramis

193 1061 421 1099 Palmarum
453 1063 560 1111 apud
599 1062 794 1113 Pikeryng
830 1070 868 1101 et
903 1061 1061 1102 interim
1104 1069 1319 1112 sequantur
1347 1063 1558 1100 recordum
1593 1069 1666 1100 etc.
1724 1062 1790 1099 Ad

194 1138 313 1175 quem
348 1126 454 1165 diem
483 1128 591 1176 apud
627 1127 820 1178 Pikeryng
850 1140 984 1166 coram
1021 1127 1180 1177 prefatis
1215 1126 1389 1165 Ricardo
1419 1128 1470 1165 de
1500 1127 1719 1176 Wylughby
1749 1133 1788 1164 et

193 1191 377 1240 Johanne
420 1192 470 1230 de
522 1193 728 1243 Hambury
767 1192 998 1242 Justiciariis
1042 1199 1115 1230 ete.
1147 1199 1342 1230 venerunt
1375 1190 1541 1241 predicti
1578 1191 1718 1229 Ballivi
1748 1198 1787 1229 et

196 1256 471 1295 Communitas
492 1264 529 1296 et
550 1258 730 1296 nondum
761 1258 907 1296 habent
936 1257 1145 1295 recordum
1173 1264 1260 1303 etc.‚
1284 1263 1323 1294 et
1352 1269 1468 1305 super
1496 1256 1573 1294 hoe
1593 1256 1707 1294 datus
1729 1264 1788 1293 est

195 1319 250 1358 eis
281 1319 365 1359 dies
398 1323 504 1371 apud
537 1321 733 1372 Pikeryng
769 1335 902 1360 coram
938 1320 1098 1370 prefatis
1141 1319 1372 1369 Justiciariis
1413 1327 1486 1358 etc.
1528 1333 1653 1369 usque
1683 1319 1790 1358 diem

196 1384 336 1423 Martis
367 1386 587 1435 proximum
618 1394 708 1436 post
743 1388 886 1425 festum
922 1385 1190 1424 Exaltacionis
1221 1387 1365 1424 Sancte
1392 1384 1541 1432 Crucis,
1571 1392 1609 1423 et
1640 1384 1790 1423 dictum

196 1456 254 1487 est
274 1449 329 1487 eis
350 1451 458 1499 quod
487 1450 642 1489 interim
673 1460 888 1501 sequantur
920 1451 1131 1489 recordum
1162 1457 1235 1489 ete.
1294 1450 1360 1487 Ad
1381 1462 1501 1498 quem
1521 1448 1626 1487 diem
1651 1448 1790 1486 Martis

193 1514 415 1563 proximum
453 1523 541 1565 post
580 1517 724 1554 festum
766 1515 1032 1554 Exaltacionis
1081 1517 1224 1554 Sancte
1264 1513 1404 1554 Crucis
1447 1515 1555 1563 apud
1597 1513 1792 1563 Pikeryng

197 1592 330 1617 coram
351 1580 511 1629 prefatis
534 1580 709 1620 Ricardo
726 1583 776 1620 de
793 1581 1013 1631 Wylughby
1031 1588 1069 1619 et
1089 1582 1273 1630 Johanne
1294 1581 1345 1618 de
1370 1581 1578 1629 Hambury
1598 1587 1791 1617 venerunt

197 1644 364 1693 predicti
394 1645 535 1683 Ballivi
574 1653 612 1684 et
651 1645 929 1685 Communitas
972 1658 1042 1695 per
1084 1652 1326 1683 attornatum
1361 1657 1474 1682 suurn
1518 1652 1556 1683 et
1590 1645 1793 1693 proferunt

198 1709 400 1758 quoddam
422 1709 540 1748 breve
574 1709 735 1748 domini·
761 1710 882 1760 Regis
913 1709 1144 1760 Justiciariis
1176 1709 1242 1747 hic
1276 1709 1468 1748 directum
1497 1708 1538 1746 in
1567 1709 1641 1747 hec
1660 1710 1789 1748 verba.

199 1774 416 1812 Edwardus
439 1773 515 1812 Dei
543 1774 673 1824 gracia
707 1777 795 1814 Rex
830 1775 986 1825 Anglie,
1024 1775 1220 1813 Dominus
1256 1773 1451 1813 Hibernie
1485 1781 1523 1812 et
1559 1775 1650 1812 Dux
1670 1774 1794 1823 Aqui-

197 1837 333 1876 tannie
354 1838 507 1877 dilectis
537 1847 576 1878 et
606 1839 793 1878 fidelibus
829 1839 909 1878 suis
942 1840 1117 1878 Ricardo
1152 1840 1203 1878 de
1227 1839 1449 1889 Wylughby
1481 1846 1519 1877 et
1551 1838 1667 1877 sociis
1700 1838 1790 1886 suis,

197 1902 429 1953 Justiciariis
451 1903 726 1943 itinerantibus
756 1906 808 1943 ad
840 1904 985 1955 placita
1020 1906 1164 1943 foreste
1196 1904 1236 1942 in
1270 1906 1414 1943 foresta
1442 1905 1493 1942 de
1527 1903 1721 1953 Pikeryng
1753 1903 1794 1942 in

199 1966 402 2007 Comitatu
441 1969 694 2016 Eboracensi‚
737 1971 914 2008 salutem.
990 1970 1095 2008 Cum
1134 1981 1203 2018 per
1242 1976 1389 2006 cartam
1429 1969 1582 2008 domini
1622 1969 1790 2008 Henrici

198 2032 401 2081 quondam
425 2032 545 2082 Regis
565 2033 707 2083 Anglie
729 2033 863 2083 proavi
885 2033 1007 2072 nostri
1035 2047 1272 2072 concessum
1294 2033 1342 2072 sit
1363 2034 1625 2084 burgensibus
1647 2034 1788 2073 nostris

199 2097 249 2135 de
280 2098 551 2147 Scardeburgh
583 2106 621 2136 et
651 2098 879 2137 hominibus
914 2098 1078 2136 manerii
1109 2098 1233 2136 nostri
1262 2100 1313 2137 de
1334 2100 1597 2148 Wallesgrave
1627 2100 1737 2149 quod
1757 2099 1790 2137 si

198 2161 339 2210 aliquis
373 2161 626 2211 burgensium
656 2163 922 2212 predictorum
957 2164 1018 2201 vel
1048 2163 1256 2201 hominum
1295 2171 1362 2201 aut
1400 2164 1592 2202 heredum
1627 2177 1790 2202 suorum

198 2226 338 2274 rettati,
361 2226 541 2264 indictati
569 2228 631 2265 vel
662 2227 864 2266 attachiati
894 2227 1037 2266 fuerint
1072 2228 1124 2266 de
1152 2227 1371 2267 venacione
1395 2229 1457 2266 vel
1486 2229 1562 2267 alia
1582 2236 1793 2279 transgres-

195 2289 312 2329 sione
343 2292 496 2338 foreste,
529 2291 645 2330 liceat
683 2292 739 2331 eis
778 2305 819 2331 se
858 2292 1074 2330 defendere
1112 2293 1163 2331 de
1202 2293 1580 2343 transgressionibus
1619 2293 1694 2332 illis
1726 2307 1797 2343 per

201 2362 487 2393 sacramentum
518 2355 674 2405 triginta
711 2363 749 2395 et
789 2369 857 2395 sex
899 2356 1108 2395 hominum
1148 2370 1282 2396 coram
1320 2358 1642 2409 quibuscumque
1680 2358 1797 2408 Justi-

200 2418 328 2457 ciariis
358 2420 408 2458 de
437 2423 591 2467 foresta,
614 2420 688 2459 nisi
719 2434 789 2470 per
819 2421 1023 2460 viridarios
1058 2428 1126 2459 aut
1159 2422 1382 2460 forestarios
1419 2423 1469 2461 de
1496 2424 1615 2461 feodo
1646 2421 1796 2461 inventi

200 2483 345 2522 fuerint
365 2498 454 2523 cum
477 2499 728 2535 manuopere,
753 2486 853 2524 sicut
874 2499 915 2525 se
932 2486 1152 2525 defendunt
1177 2487 1227 2525 de
1249 2486 1433 2525 omnibus
1455 2486 1796 2537 appellacionibus

203 2548 259 2587 eis
279 2548 402 2596 factis,
424 2549 500 2588 nisi
529 2551 579 2589 de
611 2563 776 2600 corpore
808 2550 940 2600 Regis,
964 2558 1080 2600 prout
1114 2549 1154 2588 in
1188 2558 1295 2589 carta
1324 2551 1501 2601 predicta
1529 2550 1683 2600 plenius
1704 2564 1795 2589 con-

202 2614 370 2663 tinetur3
412 2628 458 2653 ae
491 2628 564 2654 nos
598 2628 723 2665 nuper
755 2616 807 2654 ad
845 2614 1174 2665 prosecucionem
1209 2616 1429 2654 eorundem
1465 2615 1719 2665 burgensium
1755 2622 1794 2653 et

203 2741 381 2780 directed
401 2749 452 2781 t0.
511 2745 564 2782 At
585 2744 651 2782 the
668 2743 990 2782 last-mentioned
1009 2742 1161 2793 sittings
1182 2743 1274 2793 they
1294 2756 1439 2793 appear
1459 2744 1538 2782 and
1567 2743 1742 2793 produce
1771 2756 1795 2781 a

204 2805 285 2844 writ
304 2807 403 2845 from
423 2807 490 2846 the
513 2807 622 2858 King
642 2815 682 2846 to
704 2808 878 2847 Richard
899 2809 950 2847 de
970 2807 1220 2858 Willoughby
1239 2809 1320 2846 and
1340 2809 1407 2847 the
1430 2809 1543 2847 other
1563 2807 1732 2857 Justices
1753 2809 1801 2846 of

203 2871 271 2909 the
291 2872 410 2909 forest
430 2872 474 2909 of
492 2871 707 2922 Pickering,
730 2872 770 2911 in
791 2872 928 2920 which,
951 2873 1048 2911 after
1067 2873 1230 2922 reciting
1251 2873 1335 2911 that
1357 2875 1495 2922 Henry
1526 2873 1602 2910 III.
1636 2872 1716 2910 had
1744 2873 1796 2922 by

204 2935 308 2974 deed
335 2937 500 2985 granted
520 2943 562 2974 to
583 2937 649 2975 the
671 2938 875 2987 burgesses
895 2938 941 2976 of
955 2938 1230 2986 Scarborough
1263 2938 1343 2975 and
1376 2937 1442 2975 the
1471 2944 1626 2975 tenants
1656 2937 1701 2975 of
1727 2937 1796 2977 the

205 3012 345 3037 manor
382 3000 427 3037 of
452 3000 660 3050 Falsgrave
697 3001 781 3039 that
819 3000 852 3039 if
885 3014 961 3052 any
990 3004 1036 3041 of
1068 3003 1177 3041 them
1211 3015 1287 3040 was
1327 3002 1509 3049 accused,
1545 3001 1722 3040 indicted
1751 3015 1795 3040 or

210 3064 394 3103 attached
423 3065 482 3103 for
509 3064 705 3115 poaching
733 3078 778 3104 or
805 3078 880 3115 any
909 3067 1022 3105 other
1063 3068 1182 3106 forest
1222 3067 1386 3114 offence‚
1417 3067 1468 3106 he
1508 3066 1632 3117 might
1675 3079 1795 3117 purge
