2044 3491
306 195 362 225 20
673 192 847 225 DUCHY
878 192 940 224 OF
971 190 1261 224 LANCASTER
1294 190 1528 223 RECORDS.

309 292 529 331 Lebreston
559 293 644 330 Ker
672 298 710 330 et
740 290 932 341 Osgodby
953 292 1038 329 Ker
1066 297 1181 341 prout
1213 289 1268 329 eis
1299 290 1351 328 de
1382 290 1571 327 mandato
1601 286 1752 327 domini
1774 285 1894 336 Regis

306 358 526 407 injunctum
549 357 632 404 fuit,
655 363 693 394 et
713 363 917 395 manentes
947 363 1037 394 sunt
1067 355 1107 393 in
1136 354 1271 405 patria.
1332 354 1433 392 Ideo
1463 360 1693 403 preceptum
1717 359 1774 390 est
1795 350 1895 389 vice-

306 423 440 462 comiti
461 423 570 473 quod
590 421 722 461 venire
743 421 859 460 faciat
881 434 947 460 eos
970 428 1040 459 ete.
1094 422 1238 459 Postea
1258 426 1448 457 venerunt
1470 417 1635 468 predicti
1657 417 1894 455 Edmundus

306 496 344 528 et
374 488 593 526 Willelmus
628 495 666 526 et
700 487 837 526 dicunt
871 487 981 536 quod
1015 485 1089 535 ipsi
1120 484 1160 522 in
1190 486 1299 523 nullo
1329 491 1418 523 sunt
1447 483 1663 533 culpabiles
1694 483 1744 520 de
1774 489 1895 520 trans-

306 552 505 603 gressione
543 552 719 602 predicta
758 559 796 590 et
834 552 885 590 de
923 552 1000 589 hoc
1038 557 1194 600 ponunt
1233 563 1274 588 se
1313 563 1430 599 super
1461 548 1659 587 ministros
1698 548 1890 596 ejusdem.

307 619 408 657 Ideo
447 617 665 667 inquiratur
702 616 796 654 inde
833 616 975 654 veritas
1014 628 1083 663 per
1131 616 1304 653 eosdem.
1365 613 1446 663 Qui
1495 613 1643 652 scilicet
1691 610 1893 657 forestarii,

306 682 477 721 viridarii
497 690 535 721 et
555 683 822 731 regardatores
841 682 893 719 ad
922 681 998 718 hoc
1019 679 1132 718 electi
1154 679 1290 717 dicunt
1320 692 1438 729 super
1467 685 1756 717 sacramentum
1778 689 1893 714 suum

307 749 416 798 quod
455 747 620 797 predicti
660 747 896 785 Edmundus
932 752 970 784 et
1001 744 1217 782 Willelmus
1252 744 1292 781 in
1325 745 1434 781 nullo
1469 750 1560 781 sunt
1594 742 1808 792 culpabiles
1843 742 1894 780 de

309 812 614 863 transgressione
635 811 820 862 predicta.
881 811 982 849 Ideo
1003 809 1077 859 ipsi
1099 817 1188 847 eant
1208 808 1302 847 inde
1323 808 1455 858 quieti.

364 878 492 916 Iidem
530 877 648 927 jurati
682 883 908 926 presentant
943 875 1052 924 quod
1086 875 1285 912 Robertus
1328 875 1550 922 Themelyn
1590 873 1640 911 de
1684 872 1893 917 Folketon,

308 943 513 993 Philippus
542 941 713 980 serviens
744 940 914 979 Simonis
945 941 995 978 de
1025 941 1143 985 Aton‚
1168 939 1343 976 Thomas
1373 939 1423 977 de
1455 939 1614 984 Helme‚
1641 936 1836 975 Ricardus
1857 937 1895 974 le

307 1008 494 1055 Taillour,
535 1009 735 1045 Robertus
775 1007 811 1044 le
851 1005 1050 1051 Shortred,
1094 1003 1310 1040 Willelmus
1359 1003 1485 1049 Cook‚
1527 1002 1745 1040 VVillelmus
1794 1000 1895 1039 filius

306 1072 500 1123 Johannis
531 1074 648 1122 Lacy‚
672 1070 872 1110 Galfridus
903 1069 1073 1108 serviens
1108 1081 1277 1118 persone
1309 1068 1359 1106 de
1395 1068 1593 1105 Folketon
1623 1074 1661 1105 et
1693 1067 1894 1104 Robertus

308 1138 598 1186 Chamberlayn
631 1144 669 1174 et
700 1135 798 1174 alios
831 1133 865 1187 [?
885 1133 966 1187 alii]
1002 1134 1251 1184 quamplures
1283 1131 1463 1170 homines
1493 1131 1583 1170 ville
1614 1133 1665 1170 de
1699 1132 1896 1169 Folketon

307 1203 376 1253 qui
409 1209 500 1241 sunt
535 1201 698 1240 omnino
733 1208 841 1239 extra
871 1201 1056 1238 forestam
1095 1199 1176 1247 jam
1216 1196 1354 1247 viginti
1394 1204 1562 1246 quatuor
1600 1195 1714 1234 annis
1754 1195 1896 1246 elapsis

307 1272 687 1317 superoneraverunt
717 1272 914 1315 pasturam
949 1264 988 1301 in
1023 1264 1198 1313 quodam
1234 1262 1402 1300 marisco
1436 1261 1534 1300 infra
1569 1263 1752 1300 forestam
1783 1261 1897 1299 istam

306 1347 428 1383 prope
450 1332 667 1383 predictam
689 1330 819 1368 villam
842 1327 955 1382 [263]
977 1330 1027 1367 de
1051 1330 1237 1366 Foweton
1260 1341 1351 1365 curn
1382 1326 1519 1365 averiis
1541 1326 1621 1364 suis
1653 1334 1691 1365 et
1721 1325 1897 1364 similiter

306 1399 608 1436 combusserunt
641 1397 781 1434 decem
816 1393 979 1432 cassos*
1010 1393 1221 1438 turbarum,
1252 1391 1466 1440 flaggorum
1498 1398 1536 1429 et
1566 1390 1774 1440 cirporum'
1794 1403 1896 1440 quos

305 1462 488 1501 homines
517 1462 607 1499 ville
637 1461 687 1499 de
718 1460 948 1505 Lebreston,
981 1457 1200 1507 Gristhorp‚
1234 1458 1388 1506 Cayton
1418 1464 1456 1495 et
1498 1456 1689 1506 Osgodby
1727 1457 1898 1494 coadun-

305 1534 464 1565 averant
486 1525 707 1575 sumptibus
728 1523 807 1562 suis
829 1522 993 1572 propriis
1015 1529 1203 1571 tanquam
1227 1521 1267 1559 in
1298 1533 1513 1559 communa
1533 1533 1603 1558 sua
1624 1532 1692 1569 pro
1714 1518 1897 1568 expensis

307 1593 385 1630 suis
407 1591 593 1640 ivernagii
614 1590 653 1627 in
675 1588 833 1627 exilium
863 1595 901 1626 et
930 1594 1217 1626 nocumentum
1250 1588 1418 1625 ferarum
1449 1584 1602 1624 domini
1623 1584 1733 1623 istius
1755 1585 1898 1622 foreste

307 1665 346 1696 et
366 1664 502 1695 contra
522 1668 661 1705 pacem
683 1662 745 1693 etc
766 1661 804 1692 et
834 1660 1040 1691 manentes
1070 1660 1159 1690 sunt
1189 1651 1229 1689 in
1260 1651 1392 1701 patria.
1454 1651 1554 1688 Ideo
1586 1657 1817 1700 preceptum
1840 1656 1900 1687 est

307 1721 530 1761 vicecomiti
570 1721 679 1770 quod
727 1718 860 1757 venire
898 1717 1016 1755 faciat
1057 1729 1124 1755 eos
1164 1719 1240 1755 etc.
1302 1717 1446 1753 Postea
1493 1722 1685 1753 venerunt
1732 1713 1900 1764 predicti

309 1789 509 1826 Robertus
532 1793 569 1823 et
591 1784 655 1822 alii
685 1791 723 1822 et
755 1783 892 1822 dicunt
924 1783 1035 1832 quod
1070 1780 1144 1830 ipsi
1176 1793 1256 1819 non
1287 1787 1672 1829 superoneraverunt
1699 1787 1899 1829 pasturam

308 1852 526 1901 predictam
563 1862 638 1887 nec
673 1849 825 1898 aliquos
858 1845 1088 1896 hujusmodi
1123 1858 1256 1883 cassos
1290 1846 1592 1883 combusserunt
1630 1844 1729 1882 sicut
1764 1846 1814 1883 de
1845 1844 1901 1883 eis

311 1916 489 1966 superius
510 1922 778 1965 presentatum
809 1921 866 1951 est
897 1919 934 1950 et
963 1912 1014 1949 de
1044 1911 1121 1948 hoc
1152 1917 1306 1959 ponunt
1341 1922 1381 1947 se
1415 1922 1532 1959 super
1562 1909 1739 1959 patriam.
1799 1911 1900 1948 Ideo

309 1983 376 2019 fiet
396 1982 489 2019 inde
509 1982 656 2029 Jurata.
714 1978 793 2027 Qui
814 1976 961 2015 scilicet
982 1975 1184 2022 forestarii,
1207 1973 1376 2013 viridarii
1406 1982 1444 2013 et
1465 1975 1731 2023 regardatores
1752 1975 1803 2013 ad
1823 1975 1901 2013 hoe

310 2047 425 2086 electi
447 2054 484 2084 et
511 2044 627 2095 jurati
648 2043 784 2082 dicunt
805 2053 922 2090 super
942 2046 1231 2078 sacramentum
1262 2051 1377 2076 suum
1397 2039 1506 2088 quod
1535 2039 1670 2088 quoad
1691 2051 1902 2088 superone-

311 2179 417 2224 Carr,
446 2189 488 2213 as
518 2175 610 2223 they
631 2185 730 2211 were
752 2171 901 2209 bidden
922 2177 963 2208 to
984 2170 1037 2208 do
1067 2169 1117 2218 by
1138 2169 1205 2207 the
1237 2168 1376 2218 King's
1398 2169 1523 2207 order.
1583 2169 1697 2218 They
1716 2181 1781 2207 are
1802 2182 1903 2207 sum-

311 2242 469 2288 moned,
494 2252 649 2289 appear,
671 2237 752 2275 and
787 2236 905 2285 plead
926 2241 995 2272 not
1028 2233 1150 2283 guilty
1179 2234 1224 2271 of
1248 2234 1315 2271 the
1337 2234 1502 2279 offence,
1526 2234 1605 2271 and
1636 2234 1706 2272 ask
1733 2234 1817 2272 that
1850 2246 1901 2272 an

311 2306 466 2356 inquiry
487 2317 577 2354 may
597 2304 647 2341 be
667 2301 854 2340 directed,
913 2299 1027 2347 They
1046 2310 1111 2336 are
1132 2298 1255 2335 found
1273 2305 1342 2336 not
1362 2297 1484 2347 guilty
1504 2298 1584 2336 and
1603 2297 1816 2347 acquitted.

366 2372 519 2409 Robert
553 2367 786 2415 Themelyn‚
808 2365 853 2402 of
877 2364 1060 2410 Folkton‚
1091 2357 1242 2412 Philip,'
1262 2369 1417 2400 servant
1452 2363 1497 2400 of
1520 2362 1658 2400 Simon
1693 2364 1744 2401 de
1778 2365 1900 2410 Aton,

312 2438 490 2474 Thomas
512 2435 562 2472 de
593 2432 751 2477 Helme‚
775 2428 952 2467 Richard
987 2428 1054 2465 the
1083 2426 1229 2474 Tailor‚
1252 2428 1405 2465 Robert
1437 2427 1475 2465 le
1509 2427 1709 2474 Shortred,
1732 2427 1902 2466 Williarn

314 2501 441 2547 Cook‚
463 2497 646 2542 William‚
669 2508 740 2534 son
762 2495 807 2533 of
830 2494 938 2543 John
967 2493 1085 2541 Lacy‚
1109 2492 1303 2541 Geoffrey,
1328 2498 1483 2530 servant
1514 2492 1560 2529 of
1583 2492 1650 2530 the
1682 2493 1831 2530 Rector
1861 2493 1907 2531 of

315 2566 497 2610 Folkton‚
521 2563 672 2600 Robert
692 2557 986 2603 Chamberlain,
1009 2557 1087 2594 and
1109 2557 1255 2594 several
1275 2557 1390 2595 other
1410 2569 1502 2594 men
1519 2557 1563 2594 of
1579 2557 1751 2595 Folkton
1772 2556 1900 2595 which

314 2630 346 2668 is
368 2629 530 2677 entirely
551 2625 706 2665 outside
740 2624 807 2662 the
841 2623 971 2668 forest,
994 2621 1093 2659 have
1128 2621 1187 2658 for
1214 2621 1280 2658 the
1314 2620 1386 2658 last
1419 2621 1761 2669 four-and-twenty
1789 2634 1900 2670 years

316 2693 552 2742 surcharged
574 2690 663 2728 with
684 2688 784 2727 their
817 2687 935 2725 cattle
968 2686 1036 2724 the
1066 2692 1222 2735 pasture
1253 2684 1294 2722 in
1314 2697 1338 2723 a
1358 2684 1506 2723 certain
1527 2685 1656 2723 marsh
1678 2685 1810 2723 within
1832 2687 1900 2725 the

317 2761 447 2805 forest,
471 2770 564 2795 near
584 2756 650 2793 the
670 2753 809 2803 village
830 2752 874 2789 of
898 2751 1081 2797 Folkton‚
1103 2751 1183 2788 and
1217 2748 1389 2788 likewise
1423 2750 1523 2788 have
1545 2750 1662 2787 burnt
1683 2756 1748 2788 ten
1771 2752 1901 2789 stacks

318 2827 360 2863 of
377 2832 518 2869 turves‚
540 2822 691 2870 sedges,
714 2818 792 2856 and
812 2817 948 2855 rushes
970 2814 1095 2853 which
1116 2815 1184 2852 the
1200 2827 1290 2852 men
1311 2815 1356 2852 of
1373 2815 1632 2861 Lebberston‚
1655 2814 1898 2865 Gristhorpe‚

319 2891 484 2938 Cayton‚
520 2887 600 2925 and
635 2884 825 2934 Osgodby
859 2882 939 2919 had
973 2887 1011 2918 at
1045 2879 1146 2917 their
1177 2892 1264 2917 own
1301 2891 1471 2928 expense
1511 2880 1705 2918 collected
1744 2880 1802 2917 for
1832 2880 1900 2918 the

316 2954 451 2992 winter
484 2951 524 2989 in
555 2948 726 2989 exercise
763 2947 809 2985 of
842 2944 942 2984 their
979 2957 1164 2983 common
1203 2943 1335 2993 rights.
1394 2944 1508 2994 They
1545 2957 1610 2983 are
1648 2945 1897 2992 summoned,

406 3033 422 3049 ’ᾏ
449 3032 626 3072 Evidently
643 3030 747 3062 either
761 3039 781 3060 a
797 3027 926 3060 clerica]
943 3037 1031 3059 error
1047 3036 1084 3058 or
1099 3036 1259 3067 synonym
1276 3025 1324 3057 for
1340 3030 1450 3064 lassos,
1469 3024 1577 3057 which
1594 3035 1706 3057 occurs
1722 3025 1814 3057 later.
