2044 3491
733 253 969 286 COUCHER
1000 254 1149 286 BOOK.
1677 255 1727 297 25

145 352 385 393 dominicum
407 353 502 392 duas
524 365 690 402 quercus
712 351 832 402 precii
853 350 912 401 ijd,
935 352 1043 390 unde
1073 352 1276 401 Johannes
1307 350 1407 389 filius
1438 352 1524 400 ejus
1559 357 1598 389 et
1619 351 1732 388 heres

143 426 282 457 tenens
303 425 489 456 terrarum
512 424 550 455 et
564 407 882 455 tenementorum
903 429 980 466 que
1003 417 1160 454 fuerunt
1177 414 1298 464 ipsius
1314 415 1460 465 Rogeri
1473 415 1732 465 respondebit

145 484 196 521 de
216 481 348 532 precio
369 481 481 520 viridi
503 480 668 531 predicti
689 488 727 519 et
748 494 818 530 pro
839 480 1080 519 forisfactura
1100 480 1281 529 ejusdem
1304 479 1356 528 ijs.

200 548 302 584 Item
338 553 563 595 presentant
593 546 702 595 quod
736 547 886 583 Alanus
917 546 967 583 de
991 546 1195 594 Sneynton
1226 544 1292 594 qui
1323 544 1420 583 obiit
1449 544 1554 594 cepit
1583 543 1732 582 ibidem

145 618 252 649 extra
286 610 531 649 dominicum
553 624 672 648 unam
695 623 885 659 quercum
906 611 1056 659 absque
1077 609 1317 648 liberacione
1339 608 1631 647 forestariorum
1653 608 1734 647 sive

143 683 326 722 waranto‚
349 675 440 714 ideo
468 675 552 725 ipse
581 675 621 713 in
651 674 932 721 misericordia,
955 676 1063 713 unde
1094 677 1319 724 Margareta
1348 674 1426 712 filia
1456 675 1540 722 ejus
1562 681 1600 711 et
1620 673 1733 711 heres

143 747 281 779 tenens
303 748 489 778 terrarum
512 747 550 778 et
571 746 888 777 tenementorum
910 752 988 788 que
1010 741 1164 776 fuerunt
1185 739 1307 788 ipsius
1329 738 1446 776 Alani
1463 737 1730 788 respondebit.

199 806 300 842 Item
333 811 558 853 presentant
588 805 697 854 quod
727 804 903 842 Thomas
934 803 1101 841 vicarius
1133 803 1300 842 ecclesie
1336 804 1386 842 de
1420 804 1631 841 Thornton
1666 801 1734 851 qui

144 868 241 907 obiit
261 869 365 918 cepit
395 868 492 906 infra
522 867 767 907 dominicum
799 881 918 905 unam
949 867 1113 906 viridem
1145 881 1336 918 quercum
1372 867 1493 917 precii
1523 869 1600 913 ob.‚
1624 867 1732 904 unde

143 935 346 984 Johannes
368 934 418 972 de
439 934 644 982 Chymyne
674 940 813 971 tenens
844 940 1032 971 terrarum
1064 940 1101 971 et
1131 941 1450 971 tenementorum
1475 945 1554 982 que
1576 933 1732 970 suerunt

141 998 327 1037 Willelmi
348 999 398 1037 de
427 999 464 1036 la
485 999 691 1047 Chymyne
712 997 1004 1047 manucaptoris
1025 997 1192 1047 predicti
1212 999 1368 1036 Thome
1398 996 1656 1047 respondebit
1677 997 1728 1035 de

142 1064 276 1114 precio
296 1063 409 1102 viridi
429 1062 594 1113 predicti
615 1070 653 1101 et
673 1076 743 1112 pro
766 1061 1006 1100 forisfactura
1026 1064 1205 1112 ejusdem
1226 1061 1295 1112 vjd.

196 1130 299 1166 Item
319 1135 546 1178 presentant
567 1128 674 1177 quod
705 1128 909 1176 Johannes
930 1126 1031 1164 filius
1053 1128 1142 1166 Ade
1164 1126 1353 1177 prepositi
1373 1127 1423 1165 de
1446 1126 1642 1178 Pil<e1¹yng
1663 1125 1731 1176 qui

144 1193 242 1232 obiit
261 1193 366 1242 cepit
395 1193 434 1230 in
466 1192 571 1230 Haia
592 1192 768 1242 predicta
789 1191 888 1229 infra
908 1191 1152 1230 dominicum
1175 1204 1292 1228 unam
1315 1203 1503 1240 quercum
1528 1189 1646 1239 precii
1667 1188 1727 1239 ijd,

141 1258 248 1296 unde
270 1256 467 1296 Galfridus
497 1264 535 1295 et
567 1259 708 1294 Emma
738 1256 806 1293 filii
837 1257 1012 1305 ejusdem
1044 1255 1237 1305 Johannis
1268 1262 1447 1293 tenentes
1483 1262 1669 1293 terrarum
1692 1265 1731 1293 et

140 1329 458 1361 tenementorum
493 1334 570 1371 que
604 1322 762 1359 fuerunt
796 1320 918 1370 ipsius
952 1320 1148 1369 Johannis
1180 1320 1481 1369 respondebunt
1511 1320 1562 1358 de
1593 1318 1727 1368 precio

143 1386 256 1425 viridi
276 1385 444 1436 predicti
464 1393 502 1424 et
523 1399 594 1436 pro
616 1385 857 1424 forisfactura
879 1386 1057 1433 ejusdem
1079 1384 1131 1435 ijs.

196 1454 299 1490 Item
334 1458 561 1501 presentant
595 1451 703 1500 quod
733 1450 953 1489 Willelmus
980 1449 1082 1487 filius
1120 1448 1303 1498 Hugonis
1338 1449 1389 1487 de
1424 1450 1627 1498 Sneynton
1663 1446 1731 1498 qui

140 1515 238 1555 obiit
258 1515 362 1565 cepit
382 1515 530 1554 ibidem
560 1515 658 1554 infra
688 1514 932 1553 dominicum
965 1527 1083 1552 unam
1103 1513 1267 1552 viridem
1299 1527 1486 1563 quercum
1508 1513 1628 1563 precii
1651 1513 1727 1560 ob.‚

138 1582 246 1619 unde
284 1580 503 1619 Willelmus
542 1581 592 1619 de
629 1582 773 1629 Persay
804 1579 927 1626 miles,
950 1580 1081 1617 Adam
1112 1579 1163 1617 de
1199 1580 1490 1628 Haukesgarth,
1526 1577 1727 1617 Galfridus

140 1647 295 1695 Spayne
316 1653 353 1684 et
375 1645 593 1684 Willelmus
622 1652 803 1684 tenentes
834 1651 1023 1682 terrarum
1053 1650 1092 1681 et
1121 1650 1440 1681 tenementorum
1471 1656 1548 1692 que
1569 1644 1729 1681 fuerunt

140 1710 288 1760 Rogeri
327 1711 378 1749 de
416 1712 594 1749 Wrelton
641 1708 933 1759 manucaptoris
981 1707 1147 1758 predicti
1186 1707 1372 1745 Willelmi
1423 1707 1492 1745 filii
1543 1707 1729 1756 Hugonis

139 1774 436 1822 respondebunt
457 1773 507 1811 de
528 1772 660 1822 precio
682 1772 793 1810 viridi
814 1773 979 1822 predicti
1001 1781 1039 1811 et
1059 1786 1130 1822 pro
1151 1772 1393 1811 forisfactura
1415 1773 1595 1821 ejusdem
1620 1770 1690 1821 vjd.

196 1839 298 1876 Item
332 1844 559 1887 presentant
593 1837 703 1887 quod
737 1837 956 1876 Willelmus
989 1838 1175 1876 Perceval
1210 1837 1277 1886 qui
1309 1836 1406 1875 obiit
1438 1836 1543 1886 cepit
1581 1836 1731 1874 ibidem

141 1902 240 1940 infra
274 1902 518 1941 dominicum
553 1915 670 1939 unam
691 1901 855 1940 viridem
892 1915 1081 1952 quercum
1115 1901 1236 1951 precii
1267 1900 1326 1951 ijd,
1349 1902 1457 1940 unde
1489 1903 1620 1950 Agnes
1656 1914 1734 1950 que

141 1967 213 2005 fuit
242 1980 340 2005 uxor
369 1968 526 2005 Thome
556 1966 624 2004 filii
645 1966 830 2005 Willelmi
862 1969 1048 2005 Perceval
1083 1974 1222 2005 tenens
1255 1973 1443 2005 terrarum
1474 1973 1513 2004 et
1534 1974 1736 2004 tenemen-

195 2095 365 2134 William
394 2097 444 2134 de
474 2095 678 2142 Snainton,
701 2095 907 2141 deceased,
930 2094 1026 2132 took
1053 2094 1162 2132 there
1183 2093 1345 2131 without
1375 2094 1442 2132 the
1471 2094 1660 2132 demesne
1681 2107 1732 2131 an

144 2159 221 2197 oak
240 2158 402 2197 without
421 2158 542 2209 livery
562 2161 607 2197 of
631 2160 697 2198 the
717 2160 897 2197 foresters
927 2171 970 2197 or
991 2165 1166 2196 warrant.
1225 2159 1435 2207 Margaret,
1458 2156 1517 2195 his
1538 2158 1732 2207 daughter

145 2224 226 2262 and
247 2222 405 2271 heiress,
427 2223 458 2261 is
478 2224 733 2274 responsible.

198 2289 374 2327 Thomas
403 2288 531 2335 Vicar,
555 2291 600 2327 of
623 2290 844 2335 Thornton,
867 2288 1074 2335 deceased,
1106 2288 1202 2327 took
1230 2286 1365 2326 within
1394 2287 1462 2326 the
1491 2287 1681 2326 demesne
1710 2300 1733 2325 a

144 2366 262 2404 green
291 2354 377 2400 oak‚
408 2353 521 2392 value
550 2351 606 2398 ἑά.
664 2353 771 2403 John
803 2353 853 2391 de
874 2352 1081 2402 Chimyne‚
1105 2365 1310 2391 successor
1345 2358 1386 2390 to
1406 2350 1577 2390 William
1609 2352 1660 2391 de
1694 2352 1732 2390 la

144 2420 363 2469 Chymyne,
385 2431 462 2457 one
482 2419 527 2457 of
551 2417 611 2456 his
631 2417 720 2466 bail‚
743 2417 774 2456 is
795 2417 1047 2467 responsible.
1109 2416 1207 2455 Fine
1229 2415 1284 2455 ὀᾶ.

198 2484 315 2534 John,
339 2496 412 2521 son
433 2483 478 2521 of
492 2483 634 2530 Adam,
657 2495 772 2521 reeve
792 2483 837 2521 of
852 2481 1072 2531 Pickering,
1095 2481 1300 2528 deceased,
1320 2481 1416 2520 took
1435 2494 1486 2519 an
1508 2481 1584 2520 oak
1600 2480 1733 2520 within

145 2550 214 2588 the
247 2549 437 2587 demesne
466 2546 507 2586 in
541 2548 609 2586 the
641 2549 746 2598 Hay,
781 2548 895 2586 value
942 2545 994 2585 2⁶¹.
1055 2546 1132 2585 His
1166 2546 1346 2585 children
1378 2547 1458 2585 and
1497 2559 1731 2593 successors,

146 2615 330 2664 Geoffrey
350 2614 429 2652 and
452 2614 606 2660 Emma,
628 2625 693 2651 are
713 2612 967 2662 responsible.
1029 2611 1127 2650 Fine
1151 2618 1198 2649 2³.

198 2678 380 2726 William,
404 2690 476 2716 son
496 2678 541 2715 of
565 2678 690 2727 Hugh
720 2678 771 2716 de
805 2676 1008 2723 Snainton,
1032 2676 1240 2723 deceased,
1263 2675 1360 2714 took
1380 2675 1491 2714 there
1511 2674 1644 2714 within
1666 2675 1733 2714 the

145 2745 334 2783 demesne
368 2756 391 2781 a
410 2755 528 2792 green
548 2742 636 2790 oak‚
658 2743 770 2781 value
805 2740 859 2791 {CR
918 2741 978 2780 Sir
997 2740 1167 2778 William
1199 2741 1250 2778 de
1285 2740 1494 2788 Percehay,
1516 2740 1648 2777 Adam
1682 2740 1734 2777 de

146 2808 349 2855 Hawsker,
390 2808 573 2856 Geoffrey
611 2807 777 2856 Spayne,
816 2806 897 2844 and
934 2805 1116 2852 William,
1157 2816 1381 2843 successors
1418 2811 1460 2842 to
1498 2805 1633 2852 Roger
1680 2804 1731 2841 de

142 2873 333 2919 Wreston,
355 2884 431 2910 one
451 2872 496 2909 of
519 2870 578 2909 his
598 2870 687 2917 bail,
710 2883 774 2909 are
793 2869 1047 2920 responsible.
1108 2869 1206 2908 Fine
1229 2867 1284 2907 60¹.

198 2936 367 2975 William
389 2936 583 2983 Perceval‚
607 2936 815 2982 deceased,
837 2935 932 2974 took
952 2935 1062 2973 there
1085 2933 1219 2972 within
1249 2933 1316 2971 the
1346 2933 1535 2971 demesne
1563 2944 1587 2969 a
1615 2944 1734 2981 green

145 3003 231 3050 oak‚
256 3002 367 3040 value
393 2999 442 3039 2d.
502 3001 647 3049 Agnes,
683 2999 820 3040 widow
853 3001 899 3039 of
922 3000 1110 3048 Thomas,
1133 2999 1192 3037 his
1230 3010 1302 3036 son
1338 2998 1418 3036 and
1450 3009 1665 3045 successor,
1701 2996 1734 3036 is

145 3067 399 3118 responsible.
460 3065 557 3104 Fine
582 3072 628 3103 2⁵.
