2044 3491
246 238 329 281 174
609 234 784 267 DUCHY
817 234 878 265 OF
911 232 1200 265 LANCASTER
1233 232 1468 265 RECORDS.

236 333 359 385 ipsius
393 333 652 385 progenitoris
686 347 806 384 quam
835 332 900 372 hic
933 334 1137 383 proferunt
1165 339 1203 372 et
1234 345 1311 382 que
1342 333 1419 370 hoc
1445 338 1618 370 testatur.
1676 329 1832 368 Virtute

235 413 401 449 quarum
422 407 614 438 cartarum
634 399 708 450 ipsi
739 407 777 438 et
799 411 936 438 eorum
958 405 1244 446 antecessores,
1268 399 1485 447 burgenses
1520 395 1610 434 ville
1639 394 1827 444 predicte,

237 477 394 515 semper
413 478 435 503 a
468 472 646 515 tempore
667 465 844 514 predicto
879 477 1006 513 usque
1028 477 1135 501 nunc
1156 462 1216 501 usi
1246 470 1336 501 sunt
1367 470 1406 500 et
1435 460 1555 511 gavisi
1585 458 1830 498 libertatibus

236 529 422 578 predictiS
442 530 593 579 absque
628 529 920 579 interrupcione
954 528 1125 578 aliquali,
1161 536 1198 567 et
1237 529 1288 566 de
1322 528 1399 566 hoc
1437 532 1593 576 ponunt
1632 538 1673 563 se
1713 536 1830 573 super

236 593 434 633 ministros
473 595 654 644 ejusdem
693 596 848 632 foreste.
909 594 960 631 Et
995 607 1111 643 super
1149 595 1226 631 hoc
1266 594 1380 631 datus
1414 600 1472 630 est
1507 591 1562 629 eis
1602 590 1685 629 dies
1724 589 1830 639 apud

238 658 433 709 Pikeryng
452 673 584 698 coram
601 659 750 698 eisdem
763 657 993 707 Justiciariis
1015 658 1079 696 die
1101 660 1212 696 Lune
1234 656 1412 707 proximo
1426 664 1515 706 post
1537 657 1680 694 festum
1697 653 1830 693 Sancti

234 724 412 774 Gregorii
445 726 553 774 Pape
575 725 625 763 de
659 725 847 762 habendo
879 724 1089 761 recordum
1127 722 1350 772 predictum
1381 721 1413 759 si
1443 728 1530 767 etc,
1553 728 1593 759 et
1626 719 1828 758 residuum

233 789 364 827 clamii
385 789 444 827 sui
477 788 639 828 interim
660 795 863 827 remaneat
897 787 1180 837 inquirendum
1210 795 1283 826 etc.
1342 787 1408 824 Ad
1438 799 1556 836 quem
1588 784 1694 823 diem
1723 783 1831 833 apud

235 854 431 904 Pikeryng
451 861 641 893 venerunt
663 854 802 892 Ballivi
823 861 861 892 et
891 852 1167 893 Communitas
1198 851 1374 901 predicta
1404 858 1441 889 et
1472 850 1650 888 nondum
1681 850 1829 887 habent

235 919 444 957 recordum
462 926 547 967 etc.,
572 926 610 957 et
644 919 759 957 datus
781 926 838 957 est
860 917 944 956 dies
965 918 1071 967 apud
1094 917 1290 966 Pikeryng
1320 923 1393 954 etc.
1417 915 1482 954 die
1516 916 1629 952 Lune
1651 913 1828 963 proximo

235 989 325 1032 post
345 996 522 1021 mensem
545 983 697 1021 Pasche
715 990 753 1021 et
774 982 925 1020 dictum
947 990 1005 1021 est
1025 982 1080 1021 eis
1097 983 1205 1032 quod
1220 981 1376 1019 interim
1393 987 1607 1030 sequantur
1619 979 1829 1017 recordum

235 1046 267 1084 si
301 1053 374 1085 ete.
432 1047 497 1085 Ad
532 1059 650 1096 quem
683 1046 791 1085 diem
830 1048 937 1096 apud
981 1046 1172 1096 Pikeryng
1212 1059 1346 1084 coram
1381 1045 1540 1095 prefatis
1576 1043 1752 1082 Ricardo
1791 1049 1830 1081 et

233 1112 418 1161 Johanne
438 1111 666 1161 Justiciariis
702 1120 773 1150 etc.
805 1119 999 1150 venerunt
1032 1111 1170 1149 Ballivi
1198 1118 1236 1149 et
1270 1110 1547 1150 Communitas
1578 1108 1765 1158 predicta,
1788 1114 1827 1145 et

233 1189 350 1226 super
369 1177 447 1214 hoc
479 1176 594 1214 datus
616 1183 675 1214 est
705 1176 760 1214 eis
795 1176 879 1214 dies
909 1189 1034 1227 usque
1064 1176 1171 1215 diem
1203 1175 1341 1214 Martis
1379 1175 1600 1225 proximum
1631 1180 1720 1223 post
1749 1180 1827 1211 tres

233 1241 473 1291 septimanas
510 1241 645 1280 Sancti
667 1241 874 1280 Michaelis
895 1243 1002 1291 apud
1024 1241 1219 1292 Pikeryng
1239 1254 1372 1279 coram
1403 1239 1563 1290 prefatis
1593 1237 1826 1288 Justiciariis

234 1314 306 1345 etc.
344 1313 383 1345 et
404 1306 553 1345 dictum
589 1314 647 1345 est
677 1306 734 1344 eis
763 1308 874 1356 quod
905 1306 1060 1345 interim
1092 1314 1307 1356 sequantur
1338 1305 1555 1344 recordum.
1617 1304 1679 1341 Ad
1710 1316 1827 1353 quem

233 1370 339 1409 diem
361 1372 466 1420 apud
489 1370 683 1420 Pikeryng
703 1384 836 1409 coram
857 1371 1014 1421 prefatis
1030 1371 1203 1409 Ricardo
1218 1372 1268 1409 de
1283 1370 1503 1420 Wylughby
1523 1376 1561 1407 et
1576 1369 1760 1418 Johanne
1776 1367 1827 1404 de

233 1436 483 1474 Shardelowe
499 1443 692 1474 venerunt
708 1435 874 1485 predicti
896 1436 1035 1474 Ballivi
1049 1444 1087 1474 et
1102 1437 1202 1475 Com
1210 1435 1379 1473 munitas
1394 1433 1571 1483 predicta
1591 1440 1630 1471 et
1646 1433 1826 1470 nondum

233 1501 381 1539 habent
401 1501 610 1539 recordum
631 1507 718 1547 etc„
742 1508 779 1539 et
800 1500 946 1540 deinde
967 1502 1081 1540 datus
1101 1508 1161 1539 est
1181 1501 1236 1539 eis
1258 1500 1350 1538 inde
1380 1499 1463 1538 dies
1490 1499 1596 1548 apud
1633 1497 1825 1547 Pikeryng

233 1578 366 1603 coram
404 1564 562 1614 prefatis
596 1564 828 1614 Justiciariis
858 1579 983 1615 usque
1018 1565 1123 1604 diem
1145 1564 1255 1614 Jovis
1289 1563 1510 1614 proximum
1541 1569 1630 1612 post
1664 1562 1824 1600 octabas

234 1629 526 1668 Purificacionis
547 1631 662 1668 beate
682 1629 808 1668 Marie
830 1637 868 1668 et
889 1629 1044 1669 interim
1062 1636 1277 1679 sequantur
1296 1628 1504 1667 recordum
1519 1634 1590 1666 etc.
1624 1627 1688 1664 Ad
1706 1639 1824 1676 quem

233 1694 339 1733 diem
361 1695 468 1744 apud
489 1694 684 1744 Pikeryng
704 1708 837 1733 coram
868 1695 1025 1744 prefatis
1046 1695 1231 1744 Johanne
1261 1694 1311 1731 de
1344 1693 1550 1741 Hambury
1582 1698 1619 1729 et
1650 1691 1824 1729 Ricardo

232 1760 341 1798 dela
375 1760 471 1797 Pole
493 1759 622 1808 posito
651 1760 741 1797 loco
776 1759 942 1808 predicti
972 1758 1165 1809 Johannis
1195 1758 1246 1796 de
1281 1757 1530 1795 Shardelowe
1562 1754 1679 1793 unius
1709 1754 1827 1804 Justi-

232 1823 440 1862 ciariorum
461 1825 513 1862 ad
531 1823 798 1862 itinerandum
820 1832 892 1862 etc.
916 1824 1202 1873 assignatorum
1225 1834 1292 1871 per
1313 1821 1467 1859 diversa
1488 1819 1620 1858 brevia
1650 1827 1723 1858 etc.
1746 1831 1825 1868 que

231 1888 325 1927 alibi
362 1888 613 1927 irrotulantur
651 1896 722 1926 etc.
766 1896 958 1927 venerunt
998 1887 1163 1938 predicti
1213 1885 1352 1924 Ballivi
1393 1893 1431 1924 et
1472 1884 1748 1925 Communitas
1787 1891 1826 1923 et

232 1954 412 1991 nondum
432 1953 579 1991 habent
612 1953 821 1991 recordum
842 1961 928 2000 ete„
949 1960 986 1991 et
1017 1952 1163 1991 deinde
1180 1952 1294 1989 datus
1325 1958 1382 1989 est
1403 1949 1458 1988 eis
1480 1950 1573 1988 inde
1605 1949 1689 1988 dies
1719 1949 1825 1998 apud

235 2018 429 2068 Pikeryng
449 2031 580 2056 coram
603 2018 760 2067 prefatis
781 2017 1009 2068 Justiciariis
1031 2025 1101 2056 etc.
1122 2029 1247 2065 usque
1269 2015 1375 2054 diem
1393 2013 1581 2053 Mercurii
1600 2013 1825 2064 proximum

233 2087 324 2130 post
344 2081 487 2118 festum
522 2080 802 2118 Ascenscionis
825 2080 991 2118 Domini
1012 2088 1050 2119 et
1080 2080 1237 2119 interim
1268 2088 1482 2130 sequantur
1511 2080 1719 2118 recordum
1749 2085 1822 2116 etc.

235 2146 301 2183 Ad
333 2158 452 2195 quem
491 2144 598 2183 diem
630 2143 786 2196 [Again,
809 2159 850 2183 as
885 2154 924 2183 at
955 2158 990 2195 p.
1019 2157 1079 2194 72,
1101 2151 1197 2191 ante,
1221 2159 1244 2183 a
1277 2152 1488 2184 statement
1522 2145 1605 2183 that
1626 2144 1693 2182 the
1723 2145 1826 2192 Eyre

237 2210 380 2248 abated
402 2210 482 2248 and
502 2210 585 2247 that
606 2210 672 2248 the
693 2209 842 2248 Bailiffs
863 2223 962 2248 were
993 2212 1229 2249 summoned
1250 2212 1309 2248 for
1328 2211 1394 2248 the
1417 2210 1596 2259 Monday
1617 2215 1709 2247 next
1729 2209 1827 2247 after

236 2275 288 2312 St.
314 2274 516 2312 Andrew's
539 2272 642 2325 Day]
673 2275 724 2312 ad
751 2287 867 2323 quem
891 2274 994 2312 diem
1018 2277 1130 2314 Lune
1161 2275 1383 2325 proximum
1410 2282 1499 2324 post
1528 2277 1671 2313 festum
1693 2272 1827 2312 Sancti

235 2339 396 2376 Andree
434 2338 602 2388 apostoli
641 2339 748 2388 apud
783 2336 924 2390 [319b]
959 2340 1153 2389 Pikeryng
1191 2353 1324 2378 coram
1360 2339 1517 2389 prefatis
1566 2338 1727 2377 Ricardi
1775 2339 1825 2377 de

235 2404 457 2453 Wylughby
484 2410 523 2442 et
553 2404 737 2452 Johanne
758 2404 808 2442 de
848 2404 1057 2453 Hambury
1076 2404 1308 2453 Justiciariis
1330 2411 1402 2442 ete.
1437 2411 1629 2442 venerunt
1658 2402 1826 2453 predicti

236 2467 377 2506 Ballivi
396 2475 434 2506 et
449 2467 724 2507 Communitas
740 2481 809 2518 per
829 2469 945 2507 breve
958 2468 1111 2507 domini
1133 2469 1253 2519 Regis
1270 2470 1343 2507 sub
1356 2468 1583 2507 testimonio
1598 2467 1759 2506 Ricardi
1775 2468 1826 2506 de

235 2533 459 2582 Wylughby
478 2540 550 2571 etc.
574 2532 845 2571 resummoniti
863 2540 901 2571 et
921 2534 1099 2571 nondum
1115 2534 1263 2572 habent
1283 2534 1490 2572 recordum
1522 2540 1594 2571 etc.
1619 2539 1657 2571 et
1678 2532 1824 2571 deinde

236 2598 351 2635 datus
369 2605 426 2636 est
457 2597 511 2635 eis
533 2597 616 2636 dies
635 2598 744 2647 apud
777 2597 971 2647 Pikeryng
990 2611 1122 2636 coram
1144 2598 1302 2648 prefatis
1322 2597 1552 2648 Justiciariis
1573 2610 1697 2647 usque
1718 2596 1824 2635 diem

235 2724 359 2763 deeds
406 2725 499 2775 they
545 2725 645 2764 have
693 2727 863 2775 enjoyed
912 2725 1072 2765 without
1129 2726 1388 2777 interruption
1442 2728 1541 2766 from
1597 2728 1664 2766 the
1712 2727 1823 2765 dates

236 2789 393 2827 thereos
416 2790 483 2827 the
512 2791 660 2828 several
688 2789 858 2828 liberties
888 2791 1066 2830 claimed.
1139 2792 1252 2841 They
1281 2805 1345 2830 are
1375 2791 1550 2831 directed
1579 2800 1620 2830 to
1649 2793 1825 2841 produce

237 2853 304 2891 the
335 2854 426 2891 rolls
462 2867 515 2892 on
547 2855 736 2904 Monday,
765 2868 810 2903 13
842 2856 993 2903 March,
1021 2868 1132 2906 1335,
1155 2858 1234 2895 and
1262 2857 1328 2895 the
1349 2857 1484 2895 claims
1504 2870 1570 2895 are
1589 2857 1821 2905 adjourned.

238 2917 404 2956 Neither
416 2931 468 2956 on
482 2920 566 2957 that
580 2920 656 2968 day
672 2932 744 2957 nor
757 2932 809 2957 on
825 2920 891 2958 the
907 2922 1052 2959 several
1066 2921 1217 2971 sittings
1232 2923 1277 2960 of
1287 2923 1353 2960 the
1370 2923 1493 2962 Court
1507 2935 1558 2972 up
1572 2929 1612 2960 to
1626 2922 1822 2971 Tuesday,

242 2993 286 3030 15
325 2984 567 3032 September,
595 2986 709 3033 1338,
731 2997 828 3023 were
857 2985 922 3023 the
943 2984 1082 3023 bailiffs
1103 2987 1181 3024 and
1202 2987 1471 3035 commonalty
1497 2987 1584 3024 able
1618 2993 1658 3024 to
1688 2985 1823 3024 obtain

237 3047 317 3085 and
351 3049 526 3097 produce
561 3049 628 3087 the
660 3048 823 3098 original
854 3050 945 3088 rolls
978 3063 1019 3088 as
1055 3062 1105 3088 on
1138 3050 1233 3088 each
1266 3049 1449 3088 occasion
1485 3050 1575 3099 they
1609 3050 1687 3088 had
1720 3050 1823 3087 been
