2044 3491
197 188 278 219 110
560 185 735 218 DUCHY
767 184 829 216 OF
860 182 1154 216 LANCASTER
1185 181 1421 214 RECORDS.

192 283 459 324 confeccionis
517 290 623 322 carte
682 282 861 333 predicte
931 280 1054 332 quieti
1116 280 1336 320 extiterunt.
1421 280 1473 317 Et
1529 278 1663 328 quoad
1709 277 1788 316 hoc

193 350 304 400 quod
355 348 467 388 liberi
513 355 604 387 sunt
650 348 702 387 de
749 354 860 386 scoto
907 353 946 385 et
992 346 1149 396 tallagio
1199 344 1294 385 dicit
1341 344 1451 394 quod
1512 350 1666 382 scotum
1728 349 1787 381 est

193 415 356 465 quando
376 413 473 453 dicti
503 412 685 452 homines
714 413 862 451 faciunt
883 412 1091 450 collectam
1121 411 1223 450 inter
1243 423 1284 449 se
1305 417 1343 449 et
1372 409 1550 460 prisones
1580 409 1786 447 ducendos

193 480 257 518 vel
294 478 535 529 hujusmodi,
565 477 640 528 ipsi
673 478 723 516 de
761 478 840 515 hoc
867 475 988 526 quieti
1022 483 1113 514 sunt
1142 483 1180 514 et
1210 474 1384 513 similiter
1421 475 1472 512 de
1507 472 1675 522 tallagio.
1735 473 1787 510 Et

195 545 330 594 quoad
366 545 444 583 hoc
482 544 591 594 quod
623 544 768 581 clamat
802 541 947 580 habere
991 542 1131 579 catalla
1163 539 1370 579 hominum
1402 552 1562 577 suerum
1601 539 1789 587 dampna-

196 616 327 648 torum
347 608 388 647 in
408 608 578 655 exilium,
612 606 760 646 scilicet
793 619 886 644 cum
919 605 1100 645 homines
1134 605 1194 644 sui
1223 606 1446 655 utlagentur
1479 604 1518 641 in
1553 603 1628 642 isto
1648 602 1787 641 itinere

197 675 342 713 foreste
356 686 428 724 pro
448 671 756 723 transgressione
774 671 889 710 viridi
909 678 948 710 et
962 670 1188 710 venacionis
1209 670 1292 720 ipse
1312 670 1473 709 habebit
1493 683 1628 709 eorum
1649 669 1789 707 catalla

197 746 237 778 et
255 740 553 789 predecessores
574 737 632 776 sui
648 737 704 776 sic
723 738 944 776 habuerunt
963 735 1105 775 virtute
1120 743 1226 774 carte
1246 736 1429 785 predicte.
1492 737 1543 774 Et
1565 735 1674 784 quod
1694 746 1788 772 oves

197 812 236 844 et
255 803 439 843 animalia
459 816 594 842 eorum
613 815 694 841 non
715 802 919 852 capiantur
951 801 991 839 in
1013 814 1173 839 manum
1200 812 1328 850 neque
1349 800 1389 838 in
1409 799 1613 838 communi
1633 805 1789 848 pastura

196 870 469 920 imparcentur,
492 867 641 907 scilicet
661 881 732 917 pro
752 868 859 905 nulla
881 880 1007 906 causa.
1067 868 1119 905 Et
1139 867 1250 916 quod
1279 865 1421 904 habeat
1441 863 1728 903 misericordias
1749 869 1789 901 et

197 935 459 974 forisfacturas
479 932 684 972 hominum
706 946 865 971 suorum
898 933 948 971 de
982 931 1166 970 omnibus
1200 929 1352 981 placitis
1383 928 1626 978 ubicumque
1646 926 1790 967 fuerint

196 999 386 1046 indictati‚
409 998 557 1038 scilicet
577 1005 658 1037 tam
679 997 719 1035 in
738 997 876 1036 itinere
896 996 971 1035 isto
1001 1009 1118 1046 quarn
1132 996 1197 1034 alii
1215 994 1247 1048 [?
1267 994 1391 1046 alibi].
1451 993 1606 1042 Quibus
1627 992 1789 1042 quidem

196 1061 441 1100 libertatibus
462 1060 546 1110 ipse
567 1067 605 1098 et
625 1058 807 1097 homines
828 1058 887 1097 sui
908 1065 946 1097 et
968 1058 1144 1097 similiter
1170 1071 1309 1096 omnes
1346 1059 1499 1097 Priores
1520 1058 1597 1096 loci
1623 1057 1790 1108 predicti

197 1127 494 1176 predecessores
515 1123 576 1163 sui
595 1137 618 1162 a
637 1130 814 1173 tempore
848 1122 1114 1161 confeccionis
1148 1130 1254 1161 carte
1286 1123 1464 1174 predicte
1496 1123 1581 1161 sine
1600 1122 1790 1172 interrup-

197 1191 313 1229 cione
333 1189 393 1228 usi
414 1195 504 1228 sunt
525 1196 563 1227 et
582 1187 714 1238 gavisi,
738 1195 777 1227 et
796 1189 874 1226 hoc
893 1195 1051 1237 paratus
1074 1195 1132 1227 est
1152 1188 1351 1228 verificare
1372 1203 1440 1239 per
1459 1188 1658 1227 ministros
1677 1187 1789 1226 istius

198 1257 341 1294 foreste
380 1261 449 1293 ete.
511 1254 611 1292 Ideo
644 1253 861 1304 inquiratur
898 1252 953 1291 rei
990 1253 1130 1292 veritas
1169 1266 1239 1303 per
1275 1255 1453 1293 eosdem.
1522 1253 1602 1303 Qui
1641 1251 1791 1291 scilicet

197 1319 398 1368 forestarii,
421 1317 591 1357 viridarii
611 1325 649 1357 et
677 1319 944 1368 regardatores
964 1318 1016 1356 ad
1036 1318 1113 1356 hoe
1144 1317 1261 1367 jurati
1282 1325 1320 1357 et
1341 1318 1491 1358 onerati
1512 1319 1650 1357 dicunt
1671 1330 1789 1367 super

201 1392 490 1423 sacramentum
510 1396 625 1422 suum
646 1383 756 1433 quod
785 1383 896 1422 Prior
926 1382 995 1433 qui
1025 1396 1131 1421 nunc
1163 1390 1222 1421 est
1249 1390 1287 1422 et
1307 1383 1489 1422 homines
1510 1382 1569 1421 sui
1589 1389 1627 1421 et
1653 1394 1792 1420 omnes

201 1449 354 1488 Priores
367 1448 444 1487 loci
456 1447 622 1498 predicti
635 1450 933 1497 predecessores
946 1448 1004 1487 sui
1020 1461 1204 1498 sempera
1217 1456 1394 1499 tempore
1410 1448 1677 1487 confeccionis
1686 1453 1794 1485 carte

200 1513 377 1565 predicte
392 1513 514 1564 quieti
530 1519 622 1551 sunt
637 1520 675 1551 et
691 1514 846 1552 fuerunt
863 1513 902 1551 in
915 1514 1057 1552 foresta
1077 1512 1150 1551 ista
1166 1513 1217 1551 de
1234 1512 1502 1552 misericordia
1520 1511 1526 1564 Ι
1538 1511 1633 1564 300]
1651 1513 1793 1550 foreste

201 1586 241 1618 et
273 1586 383 1617 vasto
417 1577 564 1628 ubique
608 1577 649 1615 in
680 1578 858 1626 marisco,
901 1585 939 1616 et
973 1577 1151 1616 similiter
1184 1578 1235 1616 de
1266 1578 1516 1628 wodegeldis,
1552 1576 1790 1627 horngeldis,

201 1642 419 1693 fotegeldis,
452 1642 666 1690 bukstallis‚
689 1642 805 1681 tristis
837 1650 875 1682 et
905 1641 1229 1690 amerciamentis,
1253 1650 1291 1681 et
1311 1643 1422 1682 liberi
1448 1642 1625 1681 similiter
1660 1641 1796 1680 extite-

201 1716 293 1747 runt
312 1709 363 1747 de
383 1714 495 1746 scoto
529 1714 567 1746 et
598 1708 649 1746 de
679 1707 790 1746 omni
820 1707 978 1754 carreio,
997 1706 1216 1757 summagio
1238 1714 1275 1746 et
1295 1707 1453 1757 tallagio
1474 1714 1589 1758 prout
1616 1705 1794 1757 superius

203 1775 356 1820 clamat,
379 1779 417 1811 et
437 1771 612 1811 similiter
631 1772 850 1810 habuerunt
864 1773 1004 1810 catalla
1029 1771 1237 1810 hominum
1251 1785 1412 1810 suorum
1428 1773 1731 1822 dampnatorum
1753 1770 1794 1808 in

203 1838 362 1877 exilium
383 1844 421 1875 et
434 1844 582 1875 ceteras
602 1836 799 1876 libertates
819 1836 859 1875 in
881 1837 1023 1875 clamio
1039 1850 1110 1875 suo
1127 1844 1345 1884 contentas,
1361 1836 1534 1887 exceptis
1555 1838 1605 1876 de
1620 1836 1795 1875 rewardo

204 1903 245 1941 in
265 1901 432 1941 marisco
453 1901 521 1951 qui
543 1899 575 1953 [?
599 1901 708 1952 quia]
746 1901 912 1940 ministri
949 1902 1092 1941 foreste
1122 1914 1278 1951 semper
1303 1901 1401 1941 illud
1429 1903 1605 1941 fecerunt
1634 1901 1795 1940 ibidem.

207 1969 260 2005 Et
280 1966 457 2005 similiter
476 1967 527 2005 de
548 1966 848 2016 expeditacione
875 1979 1015 2004 canum
1039 1979 1200 2005 suorum
1221 1974 1259 2005 et
1278 1967 1483 2005 hominum
1505 1980 1665 2006 suorum
1688 1967 1798 2016 quod

206 2030 372 2070 ministri
388 2031 568 2080 ejusdem
589 2033 731 2070 foreste
751 2044 905 2081 semper
939 2044 981 2070 se
1000 2030 1094 2069 inde
1125 2030 1422 2070 intromiserunt
1451 2040 1489 2071 et
1510 2031 1796 2070 misericordias

206 2109 277 2146 pro
298 2095 352 2134 eis
374 2103 632 2145 perceperunt
654 2103 691 2134 et
710 2096 948 2135 levaverunt.
1009 2096 1110 2134 Ideo
1140 2094 1432 2135 consideratum
1463 2110 1521 2135 esz
1553 2097 1663 2147 quod
1690 2096 1797 2134 idem

207 2160 318 2200 Prior
350 2161 484 2211 quoad
517 2162 732 2199 rewardum
754 2168 792 2199 et
812 2160 1152 2210 expeditacionem
1187 2161 1308 2199 nichil
1341 2161 1472 2212 capiat
1506 2173 1575 2212 per
1608 2160 1797 2200 clamium

209 2286 254 2324 of
277 2292 361 2324 vert
394 2298 439 2323 or
468 2284 635 2323 venison
668 2285 762 2333 they
784 2285 864 2323 and
893 2284 993 2323 their
1021 2285 1297 2334 predecessors
1324 2286 1425 2323 have
1445 2285 1587 2333 always
1609 2286 1710 2322 from
1730 2284 1798 2322 the

209 2350 302 2388 date
335 2350 378 2387 of
416 2350 484 2387 the
516 2356 629 2398 grant
668 2349 748 2387 had
787 2347 888 2387 their
922 2349 1048 2398 goods
1080 2350 1160 2388 and
1199 2350 1365 2388 chattels
1405 2350 1450 2387 of
1485 2349 1583 2387 such
1620 2350 1794 2387 outlaws.

211 2416 421 2452 Moreover
449 2413 549 2452 their
578 2414 699 2462 sheep
727 2414 807 2451 and
836 2413 949 2452 other
977 2413 1143 2451 animals
1172 2426 1237 2452 are
1265 2420 1336 2452 not
1365 2414 1424 2452 for
1449 2426 1527 2462 any
1546 2425 1665 2451 cause
1685 2419 1726 2450 to
1747 2412 1798 2450 be

210 2478 341 2518 seized
361 2491 406 2517 or
425 2477 673 2528 impounded
693 2477 734 2516 in
754 2478 822 2516 the
843 2490 1033 2516 common
1053 2484 1220 2527 pasture.

265 2544 333 2582 He
366 2543 487 2593 ought
519 2543 602 2581 also
636 2550 677 2581 to
708 2543 808 2581 have
839 2543 907 2580 the
937 2549 1223 2580 amercements
1253 2542 1333 2580 and
1354 2540 1574 2580 forfeitures
1596 2541 1641 2579 of
1663 2541 1715 2578 all
1735 2540 1796 2578 his

207 2620 301 2646 men
319 2607 463 2657 arising
483 2609 582 2645 from
603 2608 710 2657 pleas
730 2607 925 2645 wherever
944 2606 1133 2654 indicted,
1155 2606 1278 2645 either
1298 2607 1338 2644 in
1358 2607 1426 2645 the
1445 2612 1604 2656 present
1625 2607 1728 2655 Eyre
1749 2618 1793 2643 or

211 2673 432 2711 elsewhere.
492 2673 560 2710 He
589 2671 621 2709 is
654 2672 775 2720 ready
803 2678 845 2710 to
871 2684 992 2721 prove
1022 2671 1105 2709 that
1134 2671 1196 2719 he,
1219 2671 1279 2709 his
1309 2672 1586 2721 predecessors
1607 2671 1687 2709 and
1707 2683 1800 2709 men

209 2738 311 2776 have
343 2737 513 2786 enjoyed
546 2737 659 2775 these
692 2736 812 2786 rights
847 2736 1012 2774 without
1043 2735 1307 2785 interruption
1337 2737 1437 2774 from
1460 2737 1527 2774 the
1549 2735 1641 2774 date
1662 2736 1708 2773 of
1731 2735 1800 2773 the

213 2808 336 2851 grant.
393 2803 459 2840 An
489 2800 644 2851 inquiry
676 2800 708 2839 is
737 2800 925 2847 directed,
956 2800 1037 2838 and
1064 2799 1092 2838 it
1112 2799 1145 2838 is
1165 2801 1291 2839 found
1319 2801 1405 2838 that
1425 2801 1492 2839 the
1513 2807 1671 2850 present
1691 2799 1802 2837 Prior

214 2867 294 2905 and
326 2865 386 2904 his
417 2879 509 2905 men
542 2867 624 2904 and
657 2866 709 2904 all
741 2866 885 2904 former
919 2865 1049 2903 Priors
1082 2865 1183 2904 have
1210 2865 1382 2914 enjoyed
1403 2865 1470 2903 the
1490 2864 1612 2914 rights
1632 2863 1802 2902 claimed

215 2937 354 2980 except
376 2943 419 2969 as
445 2937 487 2969 to
516 2931 655 2980 regard
683 2929 724 2967 in
750 2930 819 2968 the
847 2930 976 2967 marsh
998 2929 1126 2967 which
1146 2930 1214 2968 the
1234 2930 1385 2968 officers
1406 2931 1451 2968 of
1474 2930 1542 2968 the
1563 2930 1681 2968 forest
1701 2929 1802 2966 have

215 2996 355 3045 always
384 2996 513 3044 made,
544 2996 624 3034 and
650 2994 821 3035 likewise
851 2995 918 3034 the
948 2995 1100 3033 Officers
1130 2995 1177 3033 of
1200 2994 1267 3033 the
1288 2995 1408 3032 forest
1427 2994 1527 3032 have
1547 2994 1687 3042 always
1708 2991 1802 3041 paid
