2044 3491
819 234 1055 266 COUCHER
1087 236 1235 267 BOOK.
1737 242 1811 284 135

223 328 444 368 libertatern
484 329 700 379 predictam
741 330 903 369 haberet
942 339 980 370 et
1009 332 1199 381 gauderet
1231 331 1305 370 sibi
1340 339 1379 371 et
1411 335 1702 375 successoribus
1734 338 1812 376 suis

222 394 523 444 imperpetuum,
574 403 648 442 ete,
698 402 736 433 et
784 397 834 434 (le
877 397 954 434 hoc
1001 404 1115 434 vocat
1163 398 1371 435 recordum
1419 400 1639 438 rotulorum
1699 401 1809 440 istius

220 457 381 507 itineris,
430 469 503 498 erc.
582 462 631 498 Et
670 460 856 510 inspectis
895 461 1030 499 rotulis
1066 461 1251 511 predictis
1291 463 1368 500 hoc
1408 463 1514 501 idem
1554 474 1803 514 compertum

223 530 282 561 est
320 523 360 561 in
399 524 560 563 eisdem.
639 525 738 562 Ideo
777 523 882 563 idern
914 526 1049 564 Abbas
1080 527 1213 575 quoad
1243 527 1320 564 hoc
1349 527 1442 566 inde
1477 528 1562 567 sine
1591 529 1667 577 die,
1700 532 1808 569 salvo

223 601 377 637 semper
393 590 489 638 jure,
523 597 594 628 etc.
655 591 706 627 Et
726 591 860 639 quoad
880 591 1064 628 clamium
1087 592 1195 640 quod
1216 590 1321 629 idem
1342 592 1478 630 Abbas
1513 593 1580 642 qui
1613 606 1720 631 nunc
1749 602 1809 633 est

222 652 315 691 facit
335 654 443 703 quod
464 655 593 692 nullus
615 654 792 693 minister
812 656 953 693 foreste
973 663 1040 693 aut
1060 655 1158 693 alius
1191 656 1415 694 forestarius
1448 670 1490 695 se
1521 657 1737 707 quicquam
1768 659 1808 697 in

223 717 407 756 maneriis
443 718 628 768 predictis
667 719 911 766 intromittat,
946 728 1113 770 excepto
1151 727 1303 759 tanturn
1338 722 1389 759 de
1423 721 1650 768 venacione,
1680 730 1810 772 preter

223 781 354 830 ipsum
375 784 572 822 Abbatem
594 790 633 822 et
654 783 851 822 ministros
872 798 974 832 suos,
999 792 1038 824 et
1058 787 1166 835 quod
1186 786 1352 836 agistere
1373 786 1496 836 possit
1516 800 1586 837 pro
1607 789 1810 827 voluntate

224 860 295 885 sua
327 847 368 885 in
401 848 550 887 eisdem
591 848 686 887 dicit
724 850 833 898 quod
872 850 977 889 idern
1012 851 1197 889 dominus
1233 852 1444 900 Henricus,
1481 854 1685 902 quondam
1721 856 1807 892 Rex

222 913 376 962 Anglie,
413 913 640 964 progenitor
677 914 830 953 domini
865 915 986 965 Regis
1020 928 1138 963 nunc,
1162 929 1231 964 per
1262 924 1409 955 cartam
1444 930 1556 955 suam
1588 918 1806 967 predictam

224 990 343 1027 quam
365 978 428 1016 hic
449 980 602 1028 profert,
622 978 821 1028 prohibuit
842 993 892 1018 ne
912 980 1051 1030 aliquis
1072 980 1171 1018 infra
1192 981 1388 1030 predictas
1409 990 1534 1020 metas
1555 996 1647 1020 cum
1668 983 1807 1022 averiis

224 1043 366 1082 intrare
387 1045 448 1082 vel
470 1045 622 1082 turbam
644 1045 778 1083 fodere
798 1045 859 1083 vel
880 1045 918 1081 in
940 1045 1071 1094 aliqua
1103 1058 1143 1083 re
1178 1058 1219 1084 se
1252 1045 1514 1086 intromittere
1545 1049 1654 1087 nullo
1684 1050 1807 1087 modo

222 1116 466 1157 presumeret
487 1109 569 1147 sine
590 1109 757 1147 licencia
777 1117 815 1148 et
835 1111 1037 1148 voluntate
1059 1122 1191 1148 eorum
1225 1123 1342 1160 super
1375 1111 1660 1150 forisfacturam
1681 1125 1806 1161 suarn,

221 1180 260 1211 et
280 1174 390 1223 quod
411 1174 485 1212 hec
506 1173 640 1212 omnia
660 1174 885 1223 optinerent
910 1174 949 1212 in
971 1173 1134 1212 liberam
1160 1175 1430 1224 elemosinam,
1453 1177 1555 1215 bene
1577 1185 1615 1215 et
1635 1176 1675 1214 in
1696 1191 1807 1227 pace,

222 1237 449 1285 honorifice,
471 1238 620 1288 integre
641 1246 679 1277 et
699 1239 885 1288 plenarie,
907 1239 1008 1276 sicut
1030 1240 1117 1277 Rex
1139 1239 1338 1278 Henricus
1359 1253 1454 1279 avus
1476 1240 1597 1290 ipsius
1620 1242 1740 1291 Regis
1761 1256 1809 1281 ea

221 1302 348 1341 tenuit
368 1303 407 1340 in
429 1303 632 1341 dominico
654 1316 725 1341 suo
746 1303 811 1342 die
832 1316 911 1353 quo
932 1302 1004 1341 fuit
1025 1303 1133 1341 vivus
1169 1311 1207 1342 et
1236 1312 1424 1353 mortuus,
1447 1305 1569 1344 libera
1603 1314 1640 1344 et
1675 1307 1808 1357 quieta

222 1368 274 1406 de
294 1367 403 1405 omni
423 1375 578 1406 terreno
608 1367 784 1415 servicio,
807 1368 949 1406 virtute
983 1369 1096 1417 cujus
1130 1376 1236 1407 carte
1269 1370 1405 1408 Abbas
1440 1370 1508 1420 qui
1543 1384 1650 1409 nunc
1682 1380 1740 1410 est
1769 1380 1808 1411 et

223 1432 400 1472 similiter
438 1447 575 1472 omnes
613 1435 792 1472 Abbates
830 1433 908 1471 loci
949 1433 1125 1483 predicti,
1166 1435 1465 1483 predecessores
1496 1436 1567 1483 sui,
1603 1450 1758 1486 semper
1786 1451 1809 1475 a

221 1506 400 1548 tempore
420 1498 686 1537 confeccionis
719 1499 897 1547 ejusdem
934 1505 1039 1536 carte
1071 1497 1131 1535 usi
1163 1505 1253 1536 sunt
1286 1499 1516 1548 hujusmodi
1552 1500 1808 1549 libertatibus,

217 1565 326 1613 quod
341 1565 470 1602 nullus
484 1563 659 1602 minister
674 1565 816 1602 foreste
833 1564 883 1602 de
899 1563 1092 1613 Pikeryng
1107 1571 1174 1601 aut
1190 1563 1288 1602 alius
1305 1564 1528 1603 forestarius
1545 1565 1802 1617 quicumque,

218 1642 260 1667 se
281 1628 493 1679 quicquam
515 1629 554 1667 in
576 1628 758 1666 maneriis
792 1627 977 1677 predictis
1009 1627 1254 1676 intromittat,
1277 1636 1406 1678 preter
1439 1631 1568 1680 ipsum
1601 1632 1801 1670 Abbatem

222 1702 260 1733 et
281 1694 480 1732 ministros
501 1707 604 1741 suos,
628 1701 666 1732 et
687 1692 863 1731 similiter
884 1693 993 1743 quod
1013 1692 1179 1742 agistare
1199 1693 1322 1742 possit
1343 1695 1472 1733 averia
1493 1708 1745 1746 quecumque
1766 1697 1807 1734 in

223 1759 406 1798 maneriis
427 1760 611 1810 predictis
632 1759 729 1797 infra
760 1766 913 1797 vastum
945 1757 1166 1807 predictum
1202 1772 1273 1808 pro
1304 1760 1509 1799 voluntate
1540 1774 1633 1799 sua:
1665 1769 1703 1800 et
1733 1763 1811 1800 hoc

223 1832 378 1875 paratus
415 1832 472 1863 est
506 1825 703 1863 verificare
729 1837 801 1874 per
830 1822 1028 1861 ministros
1058 1824 1236 1872 ejusdem
1268 1825 1410 1862 foreste
1441 1832 1555 1874 prout
1585 1826 1705 1865 Curia
1737 1834 1809 1865 ete.

224 1891 324 1928 Ideo
344 1889 562 1940 inquiratur
582 1889 675 1928 inde
696 1889 835 1927 veritas
867 1900 936 1937 per
969 1889 1132 1926 eosdem
1163 1895 1236 1926 ete.
1308 1888 1389 1936 Qui
1423 1889 1573 1928 scilicet
1606 1891 1808 1938 forestarii,

221 1953 393 1993 viridarii
413 1961 452 1993 et
472 1955 752 2004 regardatores‚
775 1966 893 2003 super
913 1954 991 1991 hoc
1011 1953 1162 1992 onerati
1183 1960 1221 1992 et
1238 1953 1368 2003 jurati,
1391 1955 1529 1993 dicunt
1550 1969 1666 2005 super
1686 1970 1810 1995 sacra-

221 2027 399 2058 mentum
420 2032 546 2066 suum,
570 2020 703 2069 quoad
738 2017 923 2056 clamium
958 2018 1069 2067 quod
1100 2017 1206 2056 idern
1237 2019 1375 2056 Abbas
1410 2019 1502 2057 facit
1536 2021 1646 2069 quod
1676 2022 1809 2059 nullus

221 2084 396 2123 minister
435 2086 576 2123 foreste
614 2091 681 2122 aut
719 2083 817 2121 alius
856 2082 1080 2121 forestarius
1124 2082 1365 2132 quicumque
1412 2096 1454 2122 se
1501 2084 1714 2134 quicquam
1762 2085 1804 2124 in

222 2149 406 2188 maneriis
426 2148 611 2199 predictis
631 2148 864 2187 intromittat
885 2154 1013 2197 preter
1032 2146 1161 2196 ipsum
1182 2147 1379 2185 Abbatem
1401 2155 1439 2186 et
1468 2148 1666 2188 ministros
1701 2163 1807 2199 suos,

222 2279 358 2317 Abbot
387 2278 604 2328 attempted
637 2284 678 2316 to
708 2290 827 2326 prove
856 2275 944 2324 this,
966 2277 1045 2314 and
1074 2277 1142 2315 the
1161 2275 1310 2314 verdict
1329 2277 1374 2314 of
1400 2276 1466 2315 the
1483 2277 1572 2327 jury
1593 2291 1669 2316 was
1690 2278 1729 2317 in
1751 2280 1811 2319 his

221 2344 381 2391 favour,
425 2343 647 2392 judgment,
687 2342 893 2388 therefore,
932 2354 1008 2379 was
1046 2339 1161 2390 given
1199 2341 1285 2379 that
1328 2340 1388 2379 his
1423 2342 1539 2380 claim
1579 2344 1722 2383 should
1761 2347 1811 2385 be

220 2408 395 2447 allowed.
480 2408 567 2446 The
596 2408 688 2446 rolls
728 2408 773 2445 of
811 2407 878 2444 the
919 2407 1022 2454 Eyre
1060 2404 1204 2455 having
1245 2406 1346 2444 been
1385 2407 1586 2455 searched,
1622 2410 1702 2448 and
1741 2411 1809 2450 the

222 2479 431 2511 statement
452 2474 496 2511 of
520 2473 586 2511 the
607 2478 765 2521 present
786 2471 920 2509 Abbot
942 2470 1067 2508 found
1087 2477 1248 2516 correct,
1272 2469 1331 2509 his
1352 2470 1467 2509 claim
1488 2471 1520 2510 is
1540 2473 1716 2512 allowed.

276 2540 343 2577 He
382 2538 530 2576 further
558 2538 696 2587 pleads
735 2537 819 2575 that
859 2537 998 2585 Henry
1034 2536 1103 2581 IL,
1136 2536 1186 2584 by
1217 2536 1322 2574 deed
1351 2535 1477 2574 which
1507 2537 1557 2575 he
1596 2540 1806 2588 produces,

219 2603 383 2641 forbade
403 2615 478 2652 any
507 2614 585 2641 one
614 2600 793 2650 entering
826 2599 959 2639 within
991 2600 1059 2638 the
1092 2599 1330 2639 boundaries
1369 2602 1414 2638 of
1447 2602 1514 2639 the
1545 2604 1686 2641 monks
1718 2604 1809 2643 with

220 2667 361 2715 beasts,
399 2680 443 2706 or
473 2666 625 2716 cutting
662 2674 805 2713 turves,
845 2678 890 2704 or
927 2664 1236 2715 intermeddling
1263 2665 1304 2702 in
1337 2677 1414 2714 any
1447 2679 1613 2705 manner
1647 2667 1810 2708 without

217 2731 375 2779 license,
398 2745 451 2770 on
472 2732 631 2781 penalty
651 2732 696 2769 of
720 2729 918 2769 forfeiture
933 2743 943 2777 3
972 2730 1051 2767 and
1080 2730 1164 2767 that
1192 2730 1286 2779 they
1307 2729 1496 2769 obtained
1526 2731 1593 2770 the
1620 2733 1734 2770 lands
1765 2734 1806 2771 in

218 2795 515 2845 frankalmoign,
551 2797 647 2842 well,
689 2795 914 2845 peaceably,
960 2794 1153 2842 honestly,
1189 2794 1331 2843 wholly
1365 2795 1445 2832 and
1487 2796 1579 2843 fully
1612 2809 1653 2833 as
1695 2796 1808 2847 King

220 2862 360 2910 Henry
381 2862 412 2899 Ι.
435 2861 528 2899 held
548 2861 656 2899 them
676 2860 716 2898 in
737 2861 926 2899 demesne
946 2872 999 2897 on
1028 2858 1088 2896 his
1118 2859 1332 2905 deathbed,
1363 2859 1444 2897 free
1475 2860 1555 2898 and
1589 2861 1675 2909 quit
1697 2862 1742 2899 of
1757 2863 1808 2900 all

218 2926 280 2974 lay
300 2924 458 2972 service,
482 2925 532 2975 by
551 2923 677 2963 virtue
697 2925 870 2963 whereof
884 2925 934 2962 he
964 2923 1044 2961 and
1063 2922 1122 2961 his
1144 2924 1420 2973 predecessors
1441 2925 1542 2962 from
1563 2925 1632 2963 the
1652 2926 1746 2965 date
1766 2929 1808 2966 of

218 2991 285 3028 the
316 2997 426 3040 grant
459 2990 559 3027 have
588 2989 758 3038 enjoyed
795 2989 905 3027 these
943 2987 1115 3026 liberties
1155 2988 1238 3025 that
1270 3000 1322 3025 no
1355 2988 1489 3026 officer
1520 2990 1566 3026 of
1599 2989 1810 3041 Pickering

221 3055 358 3093 Forest
379 3067 422 3094 or
442 3054 554 3093 other
573 3054 746 3100 forester,
768 3058 908 3102 except
941 3052 1034 3101 only
1053 3051 1121 3090 the
1149 3052 1286 3090 Abbot
1315 3053 1395 3091 and
1422 3051 1481 3091 his
1503 3054 1668 3103 officers,
1691 3054 1809 3095 inter-
