<?xml version="1.0" encoding="UTF-8"?>
<!DOCTYPE html PUBLIC "-//W3C//DTD XHTML 1.0 Transitional//EN"
    "http://www.w3.org/TR/xhtml1/DTD/xhtml1-transitional.dtd">
<html xmlns="http://www.w3.org/1999/xhtml" xml:lang="en" lang="en">
 <head>
  <title>
</title>
<meta http-equiv="Content-Type" content="text/html;charset=utf-8" />
  <meta name='ocr-system' content='tesseract 3.04.00' />
  <meta name='ocr-capabilities' content='ocr_page ocr_carea ocr_par ocr_line ocrx_word'/>
</head>
<body>
  <div class='ocr_page' id='page_1' title='image "./honorforestofpic03turt_0234.png"; bbox 0 0 2044 3491; ppageno 0'>
   <div class='ocr_carea' id='block_1_1' title="bbox 252 225 1180 279">
    <p class='ocr_par' dir='ltr' id='par_1_1' title="bbox 252 225 1180 279">
     <span class='ocr_line' id='line_1_1' title="bbox 252 225 1180 279; baseline -0.003 -14"><span class='ocrx_word' id='word_1_1' title='bbox 252 225 332 279; x_wconf 86' lang='lat'><strong>196</strong></span> <span class='ocrx_word' id='word_1_2' title='bbox 914 231 1180 263; x_wconf 81' lang='lat' dir='ltr'><strong>APPENDIX.</strong></span> 
     </span>
    </p>
   </div>
   <div class='ocr_carea' id='block_1_2' title="bbox 249 326 1843 2260">
    <p class='ocr_par' dir='ltr' id='par_1_2' title="bbox 249 326 1843 2260">
     <span class='ocr_line' id='line_1_2' title="bbox 250 326 1836 383; baseline -0.004 -12"><span class='ocrx_word' id='word_1_3' title='bbox 250 332 372 383; x_wconf 85' lang='lat' dir='ltr'><strong>Regis</strong></span> <span class='ocrx_word' id='word_1_4' title='bbox 394 344 501 371; x_wconf 88' lang='lat' dir='ltr'><strong>nunc</strong></span> <span class='ocrx_word' id='word_1_5' title='bbox 521 331 680 371; x_wconf 91' lang='lat' dir='ltr'><strong>decimo</strong></span> <span class='ocrx_word' id='word_1_6' title='bbox 713 328 893 380; x_wconf 89' lang='lat' dir='ltr'><strong>septimo.</strong></span> <span class='ocrx_word' id='word_1_7' title='bbox 953 330 1018 368; x_wconf 90' lang='lat' dir='ltr'><strong>Ad</strong></span> <span class='ocrx_word' id='word_1_8' title='bbox 1050 342 1170 379; x_wconf 89' lang='lat' dir='ltr'><strong>quem</strong></span> <span class='ocrx_word' id='word_1_9' title='bbox 1205 328 1310 367; x_wconf 88' lang='lat' dir='ltr'><strong>diem</strong></span> <span class='ocrx_word' id='word_1_10' title='bbox 1340 327 1504 367; x_wconf 86' lang='lat' dir='ltr'><strong>veniunt</strong></span> <span class='ocrx_word' id='word_1_11' title='bbox 1533 334 1614 366; x_wconf 88' lang='lat' dir='ltr'><strong>tam</strong></span> <span class='ocrx_word' id='word_1_12' title='bbox 1635 326 1836 378; x_wconf 88' lang='lat' dir='ltr'><strong>predictus</strong></span> 
     </span>
     <span class='ocr_line' id='line_1_3' title="bbox 251 393 1837 447; baseline -0.003 -12"><span class='ocrx_word' id='word_1_13' title='bbox 251 398 397 436; x_wconf 89' lang='lat' dir='ltr'><strong>Comes</strong></span> <span class='ocrx_word' id='word_1_14' title='bbox 432 410 551 447; x_wconf 87' lang='lat' dir='ltr'><strong>quam</strong></span> <span class='ocrx_word' id='word_1_15' title='bbox 581 395 783 445; x_wconf 88' lang='lat' dir='ltr'><strong>predictus</strong></span> <span class='ocrx_word' id='word_1_16' title='bbox 816 395 1022 444; x_wconf 85' lang='lat' dir='ltr'><strong>Johannes</strong></span> <span class='ocrx_word' id='word_1_17' title='bbox 1062 407 1131 444; x_wconf 90' lang='lat' dir='ltr'><strong>per</strong></span> <span class='ocrx_word' id='word_1_18' title='bbox 1168 400 1386 432; x_wconf 83' lang='lat' dir='ltr'><strong>attornatos</strong></span> <span class='ocrx_word' id='word_1_19' title='bbox 1425 406 1518 431; x_wconf 86' lang='lat' dir='ltr'><strong>suos</strong></span> <span class='ocrx_word' id='word_1_20' title='bbox 1556 393 1765 443; x_wconf 89' lang='lat' dir='ltr'><strong>predictos,</strong></span> <span class='ocrx_word' id='word_1_21' title='bbox 1798 399 1837 430; x_wconf 86' lang='lat' dir='ltr'><strong>et</strong></span> 
     </span>
     <span class='ocr_line' id='line_1_4' title="bbox 250 457 1836 512; baseline -0.003 -13"><span class='ocrx_word' id='word_1_22' title='bbox 250 462 427 512; x_wconf 89' lang='lat' dir='ltr'><strong>predicta</strong></span> <span class='ocrx_word' id='word_1_23' title='bbox 453 463 582 511; x_wconf 87' lang='lat' dir='ltr'><strong>jurata</strong></span> <span class='ocrx_word' id='word_1_24' title='bbox 612 460 741 510; x_wconf 85' lang='lat' dir='ltr'><strong>posita</strong></span> <span class='ocrx_word' id='word_1_25' title='bbox 776 460 848 499; x_wconf 89' lang='lat' dir='ltr'><strong>suit</strong></span> <span class='ocrx_word' id='word_1_26' title='bbox 886 460 926 498; x_wconf 89' lang='lat' dir='ltr'><strong>in</strong></span> <span class='ocrx_word' id='word_1_27' title='bbox 965 466 1146 509; x_wconf 90' lang='lat' dir='ltr'><strong>respectu</strong></span> <span class='ocrx_word' id='word_1_28' title='bbox 1185 471 1310 508; x_wconf 86' lang='lat' dir='ltr'><strong>usque</strong></span> <span class='ocrx_word' id='word_1_29' title='bbox 1340 471 1362 496; x_wconf 87' lang='lat' dir='ltr'><strong>a</strong></span> <span class='ocrx_word' id='word_1_30' title='bbox 1391 457 1456 496; x_wconf 88' lang='lat' dir='ltr'><strong>die</strong></span> <span class='ocrx_word' id='word_1_31' title='bbox 1489 459 1641 496; x_wconf 87' lang='lat' dir='ltr'><strong>Pasche</strong></span> <span class='ocrx_word' id='word_1_32' title='bbox 1680 457 1720 495; x_wconf 91' lang='lat' dir='ltr'><strong>in</strong></span> <span class='ocrx_word' id='word_1_33' title='bbox 1758 464 1836 495; x_wconf 88' lang='lat' dir='ltr'><strong>tres</strong></span> 
     </span>
     <span class='ocr_line' id='line_1_5' title="bbox 250 523 1836 576; baseline -0.004 -11"><span class='ocrx_word' id='word_1_34' title='bbox 250 527 490 576; x_wconf 85' lang='lat' dir='ltr'><strong>septimanas</strong></span> <span class='ocrx_word' id='word_1_35' title='bbox 509 526 754 575; x_wconf 87' lang='lat' dir='ltr'><strong>ubicumque</strong></span> <span class='ocrx_word' id='word_1_36' title='bbox 784 533 858 572; x_wconf 88' lang='lat' dir='ltr'><strong>etc,</strong></span> <span class='ocrx_word' id='word_1_37' title='bbox 890 524 966 563; x_wconf 89' lang='lat' dir='ltr'><strong>nisi</strong></span> <span class='ocrx_word' id='word_1_38' title='bbox 987 526 1045 563; x_wconf 91' lang='lat' dir='ltr'><strong>W.</strong></span> <span class='ocrx_word' id='word_1_39' title='bbox 1070 526 1163 563; x_wconf 89' lang='lat' dir='ltr'><strong>Scot</strong></span> <span class='ocrx_word' id='word_1_40' title='bbox 1185 531 1222 562; x_wconf 91' lang='lat' dir='ltr'><strong>et</strong></span> <span class='ocrx_word' id='word_1_41' title='bbox 1242 525 1301 561; x_wconf 89' lang='lat' dir='ltr'><strong>W.</strong></span> <span class='ocrx_word' id='word_1_42' title='bbox 1327 525 1466 560; x_wconf 82' lang='lat' dir='ltr'><strong>Basset</strong></span> <span class='ocrx_word' id='word_1_43' title='bbox 1484 523 1546 560; x_wconf 83' lang='lat' dir='ltr'><strong>vel</strong></span> <span class='ocrx_word' id='word_1_44' title='bbox 1576 535 1678 560; x_wconf 89' lang='lat' dir='ltr'><strong>unus</strong></span> <span class='ocrx_word' id='word_1_45' title='bbox 1700 534 1836 560; x_wconf 90' lang='lat' dir='ltr'><strong>eorum</strong></span> 
     </span>
     <span class='ocr_line' id='line_1_6' title="bbox 251 587 1838 642; baseline -0.004 -12"><span class='ocrx_word' id='word_1_46' title='bbox 251 592 357 642; x_wconf 89' lang='lat' dir='ltr'><strong>prius</strong></span> <span class='ocrx_word' id='word_1_47' title='bbox 388 591 453 631; x_wconf 90' lang='lat' dir='ltr'><strong>die</strong></span> <span class='ocrx_word' id='word_1_48' title='bbox 481 590 649 630; x_wconf 92' lang='lat' dir='ltr'><strong>Veneris</strong></span> <span class='ocrx_word' id='word_1_49' title='bbox 679 591 717 628; x_wconf 91' lang='lat' dir='ltr'><strong>in</strong></span> <span class='ocrx_word' id='word_1_50' title='bbox 750 591 927 629; x_wconf 90' lang='lat' dir='ltr'><strong>secunda</strong></span> <span class='ocrx_word' id='word_1_51' title='bbox 957 589 1179 639; x_wconf 81' lang='lat' dir='ltr'>septimana</span> <span class='ocrx_word' id='word_1_52' title='bbox 1209 587 1521 638; x_wconf 83' lang='lat' dir='ltr'><strong>Quadragesime</strong></span> <span class='ocrx_word' id='word_1_53' title='bbox 1551 588 1658 638; x_wconf 91' lang='lat' dir='ltr'><strong>apud</strong></span> <span class='ocrx_word' id='word_1_54' title='bbox 1690 588 1838 625; x_wconf 85' lang='lat' dir='ltr'>Ebora-</span> 
     </span>
     <span class='ocr_line' id='line_1_7' title="bbox 252 651 1838 704; baseline -0.004 -9"><span class='ocrx_word' id='word_1_55' title='bbox 252 670 341 694; x_wconf 89' lang='lat' dir='ltr'><strong>cum</strong></span> <span class='ocrx_word' id='word_1_56' title='bbox 363 655 540 695; x_wconf 89' lang='lat' dir='ltr'><strong>venerint</strong></span> <span class='ocrx_word' id='word_1_57' title='bbox 556 657 617 694; x_wconf 84' lang='lat' dir='ltr'><strong>vel</strong></span> <span class='ocrx_word' id='word_1_58' title='bbox 636 655 787 694; x_wconf 87' lang='lat' dir='ltr'><strong>venerit</strong></span> <span class='ocrx_word' id='word_1_59' title='bbox 807 662 879 694; x_wconf 89' lang='lat' dir='ltr'><strong>ete.</strong></span> <span class='ocrx_word' id='word_1_60' title='bbox 939 655 1005 693; x_wconf 90' lang='lat' dir='ltr'><strong>Ad</strong></span> <span class='ocrx_word' id='word_1_61' title='bbox 1026 667 1123 704; x_wconf 86' lang='lat' dir='ltr'><strong>quas</strong></span> <span class='ocrx_word' id='word_1_62' title='bbox 1146 652 1308 703; x_wconf 85' lang='lat' dir='ltr'><strong>quidem</strong></span> <span class='ocrx_word' id='word_1_63' title='bbox 1329 659 1406 690; x_wconf 89' lang='lat' dir='ltr'><strong>tres</strong></span> <span class='ocrx_word' id='word_1_64' title='bbox 1428 651 1667 701; x_wconf 84' lang='lat' dir='ltr'><strong>septimanas</strong></span> <span class='ocrx_word' id='word_1_65' title='bbox 1685 651 1838 689; x_wconf 90' lang='lat' dir='ltr'><strong>Pasche</strong></span> 
     </span>
     <span class='ocr_line' id='line_1_8' title="bbox 252 717 1838 770; baseline -0.004 -10"><span class='ocrx_word' id='word_1_66' title='bbox 252 721 415 760; x_wconf 89' lang='lat' dir='ltr'><strong>veniunt</strong></span> <span class='ocrx_word' id='word_1_67' title='bbox 436 728 516 759; x_wconf 88' lang='lat' dir='ltr'><strong>tam</strong></span> <span class='ocrx_word' id='word_1_68' title='bbox 538 720 736 770; x_wconf 89' lang='lat' dir='ltr'><strong>predictus</strong></span> <span class='ocrx_word' id='word_1_69' title='bbox 758 721 904 760; x_wconf 88' lang='lat' dir='ltr'><strong>Comes</strong></span> <span class='ocrx_word' id='word_1_70' title='bbox 927 733 1046 770; x_wconf 85' lang='lat' dir='ltr'><strong>quam</strong></span> <span class='ocrx_word' id='word_1_71' title='bbox 1077 717 1279 769; x_wconf 89' lang='lat' dir='ltr'><strong>predictus</strong></span> <span class='ocrx_word' id='word_1_72' title='bbox 1300 718 1503 767; x_wconf 88' lang='lat' dir='ltr'><strong>Johannes</strong></span> <span class='ocrx_word' id='word_1_73' title='bbox 1533 730 1602 766; x_wconf 90' lang='lat' dir='ltr'><strong>per</strong></span> <span class='ocrx_word' id='word_1_74' title='bbox 1621 723 1838 754; x_wconf 82' lang='lat' dir='ltr'><strong>attornatos</strong></span> 
     </span>
     <span class='ocr_line' id='line_1_9' title="bbox 252 782 1839 836; baseline -0.004 -12"><span class='ocrx_word' id='word_1_75' title='bbox 252 799 344 824; x_wconf 93' lang='lat' dir='ltr'><strong>suos</strong></span> <span class='ocrx_word' id='word_1_76' title='bbox 364 785 575 836; x_wconf 88' lang='lat' dir='ltr'><strong>predictos,</strong></span> <span class='ocrx_word' id='word_1_77' title='bbox 597 792 636 824; x_wconf 89' lang='lat' dir='ltr'><strong>et</strong></span> <span class='ocrx_word' id='word_1_78' title='bbox 656 784 822 835; x_wconf 83' lang='lat' dir='ltr'><strong>predicti</strong></span> <span class='ocrx_word' id='word_1_79' title='bbox 842 786 900 823; x_wconf 93' lang='lat' dir='ltr'><strong>W.</strong></span> <span class='ocrx_word' id='word_1_80' title='bbox 925 786 1019 823; x_wconf 89' lang='lat' dir='ltr'><strong>Scot</strong></span> <span class='ocrx_word' id='word_1_81' title='bbox 1049 791 1087 823; x_wconf 90' lang='lat' dir='ltr'><strong>et</strong></span> <span class='ocrx_word' id='word_1_82' title='bbox 1110 785 1165 821; x_wconf 91' lang='lat' dir='ltr'><strong>W.</strong></span> <span class='ocrx_word' id='word_1_83' title='bbox 1197 784 1336 820; x_wconf 85' lang='lat' dir='ltr'><strong>Basset</strong></span> <span class='ocrx_word' id='word_1_84' title='bbox 1370 783 1543 820; x_wconf 82' lang='lat' dir='ltr'><strong>tulerunt</strong></span> <span class='ocrx_word' id='word_1_85' title='bbox 1572 794 1705 819; x_wconf 85' lang='lat' dir='ltr'><strong>coram</strong></span> <span class='ocrx_word' id='word_1_86' title='bbox 1727 782 1839 830; x_wconf 84' lang='lat' dir='ltr'><strong>Rege</strong></span> 
     </span>
     <span class='ocr_line' id='line_1_10' title="bbox 252 847 1840 900; baseline -0.003 -11"><span class='ocrx_word' id='word_1_87' title='bbox 252 852 460 890; x_wconf 89' lang='lat' dir='ltr'><strong>recordum</strong></span> <span class='ocrx_word' id='word_1_88' title='bbox 482 857 520 888; x_wconf 91' lang='lat' dir='ltr'><strong>et</strong></span> <span class='ocrx_word' id='word_1_89' title='bbox 541 863 767 900; x_wconf 84' lang='lat' dir='ltr'><strong>processum</strong></span> <span class='ocrx_word' id='word_1_90' title='bbox 790 848 979 888; x_wconf 89' lang='lat' dir='ltr'><strong>veredicti</strong></span> <span class='ocrx_word' id='word_1_91' title='bbox 998 850 1126 898; x_wconf 81' lang='lat' dir='ltr'><strong>jurate</strong></span> <span class='ocrx_word' id='word_1_92' title='bbox 1146 847 1322 897; x_wconf 86' lang='lat' dir='ltr'><strong>predicte</strong></span> <span class='ocrx_word' id='word_1_93' title='bbox 1344 847 1383 885; x_wconf 94' lang='lat' dir='ltr'><strong>in</strong></span> <span class='ocrx_word' id='word_1_94' title='bbox 1413 848 1488 885; x_wconf 93' lang='lat' dir='ltr'><strong>hec</strong></span> <span class='ocrx_word' id='word_1_95' title='bbox 1508 848 1637 885; x_wconf 87' lang='lat' dir='ltr'><strong>verba.</strong></span> <span class='ocrx_word' id='word_1_96' title='bbox 1695 848 1840 884; x_wconf 85' lang='lat' dir='ltr'><strong>Postea</strong></span> 
     </span>
     <span class='ocr_line' id='line_1_11' title="bbox 252 912 1840 965; baseline -0.003 -12"><span class='ocrx_word' id='word_1_97' title='bbox 252 929 385 954; x_wconf 89' lang='lat' dir='ltr'><strong>coram</strong></span> <span class='ocrx_word' id='word_1_98' title='bbox 407 915 566 965; x_wconf 90' lang='lat' dir='ltr'><strong>prefatis</strong></span> <span class='ocrx_word' id='word_1_99' title='bbox 586 914 785 952; x_wconf 89' lang='lat' dir='ltr'><strong>Willelmo</strong></span> <span class='ocrx_word' id='word_1_100' title='bbox 815 915 909 952; x_wconf 88' lang='lat' dir='ltr'><strong>Scot</strong></span> <span class='ocrx_word' id='word_1_101' title='bbox 939 922 978 953; x_wconf 89' lang='lat' dir='ltr'><strong>et</strong></span> <span class='ocrx_word' id='word_1_102' title='bbox 998 914 1195 952; x_wconf 78' lang='lat' dir='ltr'><strong>Willelmo</strong></span> <span class='ocrx_word' id='word_1_103' title='bbox 1218 914 1354 951; x_wconf 88' lang='lat' dir='ltr'><strong>Basset</strong></span> <span class='ocrx_word' id='word_1_104' title='bbox 1375 912 1439 950; x_wconf 91' lang='lat' dir='ltr'><strong>die</strong></span> <span class='ocrx_word' id='word_1_105' title='bbox 1462 920 1499 950; x_wconf 92' lang='lat' dir='ltr'><strong>et</strong></span> <span class='ocrx_word' id='word_1_106' title='bbox 1519 914 1609 951; x_wconf 93' lang='lat' dir='ltr'><strong>loco</strong></span> <span class='ocrx_word' id='word_1_107' title='bbox 1629 912 1727 950; x_wconf 87' lang='lat' dir='ltr'><strong>infra</strong></span> <span class='ocrx_word' id='word_1_108' title='bbox 1747 924 1840 950; x_wconf 90' lang='lat' dir='ltr'><strong>con-</strong></span> 
     </span>
     <span class='ocr_line' id='line_1_12' title="bbox 252 977 1840 1029; baseline -0.003 -10"><span class='ocrx_word' id='word_1_109' title='bbox 252 981 370 1019; x_wconf 88' lang='lat' dir='ltr'><strong>tentis</strong></span> <span class='ocrx_word' id='word_1_110' title='bbox 383 986 575 1018; x_wconf 90' lang='lat' dir='ltr'><strong>venerunt</strong></span> <span class='ocrx_word' id='word_1_111' title='bbox 595 986 724 1028; x_wconf 89' lang='lat' dir='ltr'><strong>partes</strong></span> <span class='ocrx_word' id='word_1_112' title='bbox 739 979 914 1028; x_wconf 86' lang='lat' dir='ltr'><strong>predicte</strong></span> <span class='ocrx_word' id='word_1_113' title='bbox 935 992 1003 1029; x_wconf 91' lang='lat' dir='ltr'><strong>per</strong></span> <span class='ocrx_word' id='word_1_114' title='bbox 1023 985 1241 1017; x_wconf 85' lang='lat' dir='ltr'><strong>attornatos</strong></span> <span class='ocrx_word' id='word_1_115' title='bbox 1262 991 1366 1024; x_wconf 88' lang='lat' dir='ltr'><strong>suos,</strong></span> <span class='ocrx_word' id='word_1_116' title='bbox 1385 985 1423 1015; x_wconf 92' lang='lat' dir='ltr'><strong>et</strong></span> <span class='ocrx_word' id='word_1_117' title='bbox 1443 977 1619 1016; x_wconf 89' lang='lat' dir='ltr'><strong>similiter</strong></span> <span class='ocrx_word' id='word_1_118' title='bbox 1639 979 1840 1027; x_wconf 89' lang='lat' dir='ltr'><strong>Juratores</strong></span> 
     </span>
     <span class='ocr_line' id='line_1_13' title="bbox 252 1042 1840 1095; baseline -0.002 -12"><span class='ocrx_word' id='word_1_119' title='bbox 252 1045 321 1095; x_wconf 91' lang='lat' dir='ltr'><strong>qui</strong></span> <span class='ocrx_word' id='word_1_120' title='bbox 341 1046 391 1083; x_wconf 92' lang='lat' dir='ltr'><strong>de</strong></span> <span class='ocrx_word' id='word_1_121' title='bbox 411 1057 609 1083; x_wconf 91' lang='lat' dir='ltr'><strong>consensu</strong></span> <span class='ocrx_word' id='word_1_122' title='bbox 631 1043 807 1093; x_wconf 87' lang='lat' dir='ltr'><strong>parcium</strong></span> <span class='ocrx_word' id='word_1_123' title='bbox 829 1043 945 1082; x_wconf 88' lang='lat' dir='ltr'><strong>electi</strong></span> <span class='ocrx_word' id='word_1_124' title='bbox 975 1044 1112 1082; x_wconf 90' lang='lat' dir='ltr'><strong>dicunt</strong></span> <span class='ocrx_word' id='word_1_125' title='bbox 1144 1056 1261 1092; x_wconf 88' lang='lat' dir='ltr'><strong>super</strong></span> <span class='ocrx_word' id='word_1_126' title='bbox 1282 1050 1571 1081; x_wconf 88' lang='lat' dir='ltr'><strong>sacramentum</strong></span> <span class='ocrx_word' id='word_1_127' title='bbox 1594 1056 1706 1081; x_wconf 90' lang='lat' dir='ltr'><strong>suum</strong></span> <span class='ocrx_word' id='word_1_128' title='bbox 1729 1042 1840 1091; x_wconf 90' lang='lat' dir='ltr'><strong>quod</strong></span> 
     </span>
     <span class='ocr_line' id='line_1_14' title="bbox 252 1106 1840 1157; baseline -0.003 -9"><span class='ocrx_word' id='word_1_129' title='bbox 252 1109 466 1148; x_wconf 89' lang='lat' dir='ltr'><strong>duodecim</strong></span> <span class='ocrx_word' id='word_1_130' title='bbox 486 1109 585 1146; x_wconf 86' lang='lat' dir='ltr'><strong>tofta</strong></span> <span class='ocrx_word' id='word_1_131' title='bbox 605 1109 656 1146; x_wconf 91' lang='lat' dir='ltr'><strong>de</strong></span> <span class='ocrx_word' id='word_1_132' title='bbox 677 1107 863 1157; x_wconf 87' lang='lat' dir='ltr'><strong>predictis</strong></span> <span class='ocrx_word' id='word_1_133' title='bbox 893 1107 1091 1146; x_wconf 84' lang='lat' dir='ltr'><strong>sexdecim</strong></span> <span class='ocrx_word' id='word_1_134' title='bbox 1123 1106 1231 1145; x_wconf 86' lang='lat' dir='ltr'><strong>tostis</strong></span> <span class='ocrx_word' id='word_1_135' title='bbox 1266 1114 1357 1145; x_wconf 87' lang='lat' dir='ltr'><strong>sunt</strong></span> <span class='ocrx_word' id='word_1_136' title='bbox 1378 1108 1428 1146; x_wconf 91' lang='lat' dir='ltr'><strong>de</strong></span> <span class='ocrx_word' id='word_1_137' title='bbox 1448 1107 1615 1157; x_wconf 88' lang='lat' dir='ltr'><strong>antiquo</strong></span> <span class='ocrx_word' id='word_1_138' title='bbox 1637 1107 1840 1146; x_wconf 89' lang='lat' dir='ltr'><strong>dominico</strong></span> 
     </span>
     <span class='ocr_line' id='line_1_15' title="bbox 250 1171 1840 1223; baseline -0.002 -10"><span class='ocrx_word' id='word_1_139' title='bbox 250 1187 397 1213; x_wconf 90' lang='lat' dir='ltr'><strong>corone</strong></span> <span class='ocrx_word' id='word_1_140' title='bbox 418 1173 584 1223; x_wconf 80' lang='lat' dir='ltr'><strong>Anglice</strong></span> <span class='ocrx_word' id='word_1_141' title='bbox 606 1180 644 1211; x_wconf 91' lang='lat' dir='ltr'><strong>et</strong></span> <span class='ocrx_word' id='word_1_142' title='bbox 665 1173 774 1222; x_wconf 85' lang='lat' dir='ltr'><strong>quod</strong></span> <span class='ocrx_word' id='word_1_143' title='bbox 804 1180 988 1211; x_wconf 88' lang='lat' dir='ltr'><strong>tenentur</strong></span> <span class='ocrx_word' id='word_1_144' title='bbox 1017 1174 1067 1211; x_wconf 90' lang='lat' dir='ltr'><strong>de</strong></span> <span class='ocrx_word' id='word_1_145' title='bbox 1097 1171 1255 1211; x_wconf 87' lang='lat' dir='ltr'><strong>Comite</strong></span> <span class='ocrx_word' id='word_1_146' title='bbox 1278 1172 1506 1210; x_wconf 76' lang='lat' dir='ltr'><strong>Lancastrie</strong></span> <span class='ocrx_word' id='word_1_147' title='bbox 1528 1179 1570 1210; x_wconf 89' lang='lat' dir='ltr'><strong>ut</strong></span> <span class='ocrx_word' id='word_1_148' title='bbox 1591 1173 1642 1211; x_wconf 93' lang='lat' dir='ltr'><strong>de</strong></span> <span class='ocrx_word' id='word_1_149' title='bbox 1663 1171 1840 1210; x_wconf 87' lang='lat' dir='ltr'><strong>manerio</strong></span> 
     </span>
     <span class='ocr_line' id='line_1_16' title="bbox 250 1237 1838 1287; baseline -0.002 -9"><span class='ocrx_word' id='word_1_150' title='bbox 250 1253 323 1278; x_wconf 93' lang='lat' dir='ltr'><strong>suo</strong></span> <span class='ocrx_word' id='word_1_151' title='bbox 363 1240 413 1277; x_wconf 91' lang='lat' dir='ltr'><strong>de</strong></span> <span class='ocrx_word' id='word_1_152' title='bbox 446 1239 642 1287; x_wconf 84' lang='lat' dir='ltr'><strong>Pikeryng</strong></span> <span class='ocrx_word' id='word_1_153' title='bbox 680 1237 720 1275; x_wconf 92' lang='lat' dir='ltr'><strong>in</strong></span> <span class='ocrx_word' id='word_1_154' title='bbox 761 1237 881 1277; x_wconf 87' lang='lat' dir='ltr'><strong>Curia</strong></span> <span class='ocrx_word' id='word_1_155' title='bbox 919 1237 1082 1276; x_wconf 88' lang='lat' dir='ltr'><strong>manerii</strong></span> <span class='ocrx_word' id='word_1_156' title='bbox 1112 1237 1214 1275; x_wconf 87' lang='lat' dir='ltr'><strong>illius</strong></span> <span class='ocrx_word' id='word_1_157' title='bbox 1250 1238 1470 1276; x_wconf 90' lang='lat' dir='ltr'><strong>secundum</strong></span> <span class='ocrx_word' id='word_1_158' title='bbox 1509 1237 1838 1276; x_wconf 85' lang='lat' dir='ltr'><strong>consuetudinem</strong></span> 
     </span>
     <span class='ocr_line' id='line_1_17' title="bbox 252 1302 1840 1354; baseline -0.001 -11"><span class='ocrx_word' id='word_1_159' title='bbox 252 1305 431 1354; x_wconf 90' lang='lat' dir='ltr'><strong>ejusdem</strong></span> <span class='ocrx_word' id='word_1_160' title='bbox 466 1302 704 1353; x_wconf 85' lang='lat' dir='ltr'><strong>placitabilia</strong></span> <span class='ocrx_word' id='word_1_161' title='bbox 743 1309 781 1340; x_wconf 90' lang='lat' dir='ltr'><strong>et</strong></span> <span class='ocrx_word' id='word_1_162' title='bbox 815 1315 896 1341; x_wconf 90' lang='lat' dir='ltr'><strong>non</strong></span> <span class='ocrx_word' id='word_1_163' title='bbox 935 1303 986 1340; x_wconf 90' lang='lat' dir='ltr'><strong>ad</strong></span> <span class='ocrx_word' id='word_1_164' title='bbox 1025 1315 1278 1341; x_wconf 86' lang='lat' dir='ltr'><strong>communem</strong></span> <span class='ocrx_word' id='word_1_165' title='bbox 1310 1304 1450 1352; x_wconf 83' lang='lat' dir='ltr'><strong>legem,</strong></span> <span class='ocrx_word' id='word_1_166' title='bbox 1487 1310 1524 1341; x_wconf 93' lang='lat' dir='ltr'><strong>et</strong></span> <span class='ocrx_word' id='word_1_167' title='bbox 1560 1302 1696 1340; x_wconf 87' lang='lat' dir='ltr'><strong>dicunt</strong></span> <span class='ocrx_word' id='word_1_168' title='bbox 1730 1303 1840 1352; x_wconf 90' lang='lat' dir='ltr'><strong>quod</strong></span> 
     </span>
     <span class='ocr_line' id='line_1_18' title="bbox 250 1366 1841 1420; baseline -0.001 -12"><span class='ocrx_word' id='word_1_169' title='bbox 250 1376 420 1420; x_wconf 86' lang='lat' dir='ltr'><strong>quatuor</strong></span> <span class='ocrx_word' id='word_1_170' title='bbox 439 1369 539 1407; x_wconf 88' lang='lat' dir='ltr'><strong>tofta</strong></span> <span class='ocrx_word' id='word_1_171' title='bbox 567 1366 724 1405; x_wconf 89' lang='lat' dir='ltr'><strong>residua</strong></span> <span class='ocrx_word' id='word_1_172' title='bbox 753 1367 803 1405; x_wconf 89' lang='lat' dir='ltr'><strong>de</strong></span> <span class='ocrx_word' id='word_1_173' title='bbox 833 1366 1018 1416; x_wconf 76' lang='lat' dir='ltr'><strong>predictis</strong></span> <span class='ocrx_word' id='word_1_174' title='bbox 1049 1366 1248 1405; x_wconf 86' lang='lat' dir='ltr'><strong>sexdecim</strong></span> <span class='ocrx_word' id='word_1_175' title='bbox 1284 1367 1391 1405; x_wconf 81' lang='lat' dir='ltr'><strong>tostis</strong></span> <span class='ocrx_word' id='word_1_176' title='bbox 1431 1375 1521 1405; x_wconf 91' lang='lat' dir='ltr'><strong>sunt</strong></span> <span class='ocrx_word' id='word_1_177' title='bbox 1553 1368 1603 1406; x_wconf 90' lang='lat' dir='ltr'><strong>de</strong></span> <span class='ocrx_word' id='word_1_178' title='bbox 1642 1368 1762 1406; x_wconf 88' lang='lat' dir='ltr'><strong>feodo</strong></span> <span class='ocrx_word' id='word_1_179' title='bbox 1790 1368 1841 1406; x_wconf 92' lang='lat' dir='ltr'><strong>de</strong></span> 
     </span>
     <span class='ocr_line' id='line_1_19' title="bbox 250 1431 1842 1481; baseline -0.002 -8"><span class='ocrx_word' id='word_1_180' title='bbox 250 1437 358 1473; x_wconf 90' lang='lat' dir='ltr'><strong>Aton</strong></span> <span class='ocrx_word' id='word_1_181' title='bbox 390 1441 427 1472; x_wconf 91' lang='lat' dir='ltr'><strong>et</strong></span> <span class='ocrx_word' id='word_1_182' title='bbox 448 1434 498 1472; x_wconf 92' lang='lat' dir='ltr'><strong>ad</strong></span> <span class='ocrx_word' id='word_1_183' title='bbox 519 1445 775 1471; x_wconf 87' lang='lat' dir='ltr'><strong>communem</strong></span> <span class='ocrx_word' id='word_1_184' title='bbox 797 1433 924 1481; x_wconf 83' lang='lat' dir='ltr'><strong>legem</strong></span> <span class='ocrx_word' id='word_1_185' title='bbox 948 1431 1196 1481; x_wconf 83' lang='lat' dir='ltr'><strong>placitabilia,</strong></span> <span class='ocrx_word' id='word_1_186' title='bbox 1221 1431 1360 1470; x_wconf 85' lang='lat' dir='ltr'><strong>dicunt</strong></span> <span class='ocrx_word' id='word_1_187' title='bbox 1384 1431 1509 1469; x_wconf 86' lang='lat' dir='ltr'><strong>eciam</strong></span> <span class='ocrx_word' id='word_1_188' title='bbox 1532 1433 1642 1481; x_wconf 88' lang='lat' dir='ltr'><strong>quod</strong></span> <span class='ocrx_word' id='word_1_189' title='bbox 1664 1431 1842 1481; x_wconf 89' lang='lat' dir='ltr'><strong>predicte</strong></span> 
     </span>
     <span class='ocr_line' id='line_1_20' title="bbox 250 1496 1842 1547; baseline -0.002 -9"><span class='ocrx_word' id='word_1_190' title='bbox 250 1498 463 1538; x_wconf 90' lang='lat' dir='ltr'><strong>duodecim</strong></span> <span class='ocrx_word' id='word_1_191' title='bbox 495 1499 640 1537; x_wconf 86' lang='lat' dir='ltr'><strong>bovate</strong></span> <span class='ocrx_word' id='word_1_192' title='bbox 669 1505 770 1536; x_wconf 89' lang='lat' dir='ltr'><strong>terre</strong></span> <span class='ocrx_word' id='word_1_193' title='bbox 799 1504 838 1535; x_wconf 88' lang='lat' dir='ltr'><strong>et</strong></span> <span class='ocrx_word' id='word_1_194' title='bbox 872 1496 1072 1535; x_wconf 85' lang='lat' dir='ltr'><strong>sexdecim</strong></span> <span class='ocrx_word' id='word_1_195' title='bbox 1106 1509 1194 1535; x_wconf 85' lang='lat' dir='ltr'><strong>acre</strong></span> <span class='ocrx_word' id='word_1_196' title='bbox 1224 1503 1324 1535; x_wconf 89' lang='lat' dir='ltr'><strong>terre</strong></span> <span class='ocrx_word' id='word_1_197' title='bbox 1363 1498 1413 1535; x_wconf 92' lang='lat' dir='ltr'><strong>de</strong></span> <span class='ocrx_word' id='word_1_198' title='bbox 1448 1496 1635 1546; x_wconf 91' lang='lat' dir='ltr'><strong>predictis</strong></span> <span class='ocrx_word' id='word_1_199' title='bbox 1677 1498 1842 1547; x_wconf 90' lang='lat' dir='ltr'><strong>quadra-</strong></span> 
     </span>
     <span class='ocr_line' id='line_1_21' title="bbox 249 1561 1840 1614; baseline -0.002 -12"><span class='ocrx_word' id='word_1_200' title='bbox 249 1565 358 1614; x_wconf 85' lang='lat' dir='ltr'><strong>ginta</strong></span> <span class='ocrx_word' id='word_1_201' title='bbox 378 1563 475 1602; x_wconf 88' lang='lat' dir='ltr'><strong>acris</strong></span> <span class='ocrx_word' id='word_1_202' title='bbox 495 1571 595 1602; x_wconf 88' lang='lat' dir='ltr'><strong>terre</strong></span> <span class='ocrx_word' id='word_1_203' title='bbox 616 1571 707 1601; x_wconf 88' lang='lat' dir='ltr'><strong>sunt</strong></span> <span class='ocrx_word' id='word_1_204' title='bbox 729 1561 906 1600; x_wconf 88' lang='lat' dir='ltr'><strong>similiter</strong></span> <span class='ocrx_word' id='word_1_205' title='bbox 935 1563 986 1600; x_wconf 90' lang='lat' dir='ltr'><strong>de</strong></span> <span class='ocrx_word' id='word_1_206' title='bbox 1015 1561 1181 1611; x_wconf 86' lang='lat' dir='ltr'><strong>antiquo</strong></span> <span class='ocrx_word' id='word_1_207' title='bbox 1211 1561 1414 1599; x_wconf 89' lang='lat' dir='ltr'><strong>dominico</strong></span> <span class='ocrx_word' id='word_1_208' title='bbox 1444 1574 1591 1600; x_wconf 92' lang='lat' dir='ltr'><strong>corone</strong></span> <span class='ocrx_word' id='word_1_209' title='bbox 1613 1561 1780 1612; x_wconf 83' lang='lat' dir='ltr'><strong>Anglice</strong></span> <span class='ocrx_word' id='word_1_210' title='bbox 1802 1568 1840 1600; x_wconf 91' lang='lat' dir='ltr'><strong>et</strong></span> 
     </span>
     <span class='ocr_line' id='line_1_22' title="bbox 250 1625 1843 1678; baseline -0.003 -10"><span class='ocrx_word' id='word_1_211' title='bbox 250 1637 435 1668; x_wconf 89' lang='lat' dir='ltr'><strong>tenentur</strong></span> <span class='ocrx_word' id='word_1_212' title='bbox 450 1630 501 1667; x_wconf 92' lang='lat' dir='ltr'><strong>de</strong></span> <span class='ocrx_word' id='word_1_213' title='bbox 521 1627 701 1678; x_wconf 87' lang='lat' dir='ltr'><strong>predicto</strong></span> <span class='ocrx_word' id='word_1_214' title='bbox 718 1626 875 1666; x_wconf 89' lang='lat' dir='ltr'><strong>Comite</strong></span> <span class='ocrx_word' id='word_1_215' title='bbox 889 1634 931 1665; x_wconf 86' lang='lat' dir='ltr'><strong>ut</strong></span> <span class='ocrx_word' id='word_1_216' title='bbox 953 1628 1002 1665; x_wconf 90' lang='lat' dir='ltr'><strong>de</strong></span> <span class='ocrx_word' id='word_1_217' title='bbox 1023 1626 1198 1664; x_wconf 87' lang='lat' dir='ltr'><strong>manerio</strong></span> <span class='ocrx_word' id='word_1_218' title='bbox 1220 1626 1399 1675; x_wconf 91' lang='lat' dir='ltr'><strong>predicto</strong></span> <span class='ocrx_word' id='word_1_219' title='bbox 1421 1633 1459 1664; x_wconf 91' lang='lat' dir='ltr'><strong>et</strong></span> <span class='ocrx_word' id='word_1_220' title='bbox 1476 1625 1515 1663; x_wconf 90' lang='lat' dir='ltr'><strong>in</strong></span> <span class='ocrx_word' id='word_1_221' title='bbox 1538 1626 1657 1665; x_wconf 86' lang='lat' dir='ltr'><strong>Curia</strong></span> <span class='ocrx_word' id='word_1_222' title='bbox 1679 1625 1843 1665; x_wconf 89' lang='lat' dir='ltr'><strong>manerii</strong></span> 
     </span>
     <span class='ocr_line' id='line_1_23' title="bbox 249 1690 1842 1744; baseline -0.003 -11"><span class='ocrx_word' id='word_1_223' title='bbox 249 1694 353 1733; x_wconf 88' lang='lat' dir='ltr'><strong>illius</strong></span> <span class='ocrx_word' id='word_1_224' title='bbox 375 1692 613 1744; x_wconf 88' lang='lat' dir='ltr'><strong>placitahilia</strong></span> <span class='ocrx_word' id='word_1_225' title='bbox 633 1699 672 1730; x_wconf 90' lang='lat' dir='ltr'><strong>et</strong></span> <span class='ocrx_word' id='word_1_226' title='bbox 693 1705 774 1730; x_wconf 91' lang='lat' dir='ltr'><strong>non</strong></span> <span class='ocrx_word' id='word_1_227' title='bbox 804 1693 855 1730; x_wconf 86' lang='lat' dir='ltr'><strong>ad</strong></span> <span class='ocrx_word' id='word_1_228' title='bbox 888 1705 1144 1730; x_wconf 89' lang='lat' dir='ltr'><strong>communem</strong></span> <span class='ocrx_word' id='word_1_229' title='bbox 1174 1691 1313 1740; x_wconf 85' lang='lat' dir='ltr'><strong>legem,</strong></span> <span class='ocrx_word' id='word_1_230' title='bbox 1346 1698 1384 1728; x_wconf 87' lang='lat' dir='ltr'><strong>et</strong></span> <span class='ocrx_word' id='word_1_231' title='bbox 1412 1690 1551 1728; x_wconf 90' lang='lat' dir='ltr'><strong>dicunt</strong></span> <span class='ocrx_word' id='word_1_232' title='bbox 1572 1692 1683 1740; x_wconf 89' lang='lat' dir='ltr'><strong>quod</strong></span> <span class='ocrx_word' id='word_1_233' title='bbox 1703 1691 1842 1740; x_wconf 83' lang='lat' dir='ltr'><strong>viginti</strong></span> 
     </span>
     <span class='ocr_line' id='line_1_24' title="bbox 251 1755 1842 1809; baseline -0.004 -10"><span class='ocrx_word' id='word_1_234' title='bbox 251 1767 290 1799; x_wconf 89' lang='lat' dir='ltr'><strong>et</strong></span> <span class='ocrx_word' id='word_1_235' title='bbox 310 1767 477 1809; x_wconf 90' lang='lat' dir='ltr'><strong>quatuor</strong></span> <span class='ocrx_word' id='word_1_236' title='bbox 496 1771 585 1796; x_wconf 90' lang='lat' dir='ltr'><strong>acre</strong></span> <span class='ocrx_word' id='word_1_237' title='bbox 605 1764 706 1796; x_wconf 90' lang='lat' dir='ltr'><strong>terre</strong></span> <span class='ocrx_word' id='word_1_238' title='bbox 736 1756 892 1795; x_wconf 90' lang='lat' dir='ltr'><strong>residue</strong></span> <span class='ocrx_word' id='word_1_239' title='bbox 923 1757 973 1795; x_wconf 91' lang='lat' dir='ltr'><strong>de</strong></span> <span class='ocrx_word' id='word_1_240' title='bbox 1005 1755 1191 1805; x_wconf 87' lang='lat' dir='ltr'><strong>predictis</strong></span> <span class='ocrx_word' id='word_1_241' title='bbox 1222 1755 1483 1805; x_wconf 82' lang='lat' dir='ltr'><strong>quadraginta</strong></span> <span class='ocrx_word' id='word_1_242' title='bbox 1511 1755 1610 1794; x_wconf 88' lang='lat' dir='ltr'><strong>acris</strong></span> <span class='ocrx_word' id='word_1_243' title='bbox 1631 1763 1731 1794; x_wconf 89' lang='lat' dir='ltr'><strong>terre</strong></span> <span class='ocrx_word' id='word_1_244' title='bbox 1752 1763 1842 1794; x_wconf 92' lang='lat' dir='ltr'><strong>sunt</strong></span> 
     </span>
     <span class='ocr_line' id='line_1_25' title="bbox 251 1820 1842 1874; baseline -0.002 -12"><span class='ocrx_word' id='word_1_245' title='bbox 251 1825 302 1862; x_wconf 92' lang='lat' dir='ltr'><strong>de</strong></span> <span class='ocrx_word' id='word_1_246' title='bbox 324 1823 501 1874; x_wconf 90' lang='lat' dir='ltr'><strong>predicto</strong></span> <span class='ocrx_word' id='word_1_247' title='bbox 531 1822 651 1860; x_wconf 90' lang='lat' dir='ltr'><strong>feodo</strong></span> <span class='ocrx_word' id='word_1_248' title='bbox 682 1823 732 1859; x_wconf 93' lang='lat' dir='ltr'><strong>de</strong></span> <span class='ocrx_word' id='word_1_249' title='bbox 763 1823 871 1859; x_wconf 87' lang='lat' dir='ltr'><strong>Aton</strong></span> <span class='ocrx_word' id='word_1_250' title='bbox 905 1828 943 1859; x_wconf 83' lang='lat' dir='ltr'><strong>et</strong></span> <span class='ocrx_word' id='word_1_251' title='bbox 974 1822 1023 1859; x_wconf 92' lang='lat' dir='ltr'><strong>ad</strong></span> <span class='ocrx_word' id='word_1_252' title='bbox 1058 1833 1312 1859; x_wconf 87' lang='lat' dir='ltr'><strong>communem</strong></span> <span class='ocrx_word' id='word_1_253' title='bbox 1352 1822 1480 1870; x_wconf 83' lang='lat' dir='ltr'><strong>legem</strong></span> <span class='ocrx_word' id='word_1_254' title='bbox 1514 1820 1765 1870; x_wconf 80' lang='lat' dir='ltr'><strong>placitabilia,</strong></span> <span class='ocrx_word' id='word_1_255' title='bbox 1803 1827 1842 1859; x_wconf 91' lang='lat' dir='ltr'><strong>et</strong></span> 
     </span>
     <span class='ocr_line' id='line_1_26' title="bbox 252 1884 1842 1939; baseline -0.002 -13"><span class='ocrx_word' id='word_1_256' title='bbox 252 1889 384 1939; x_wconf 89' lang='lat' dir='ltr'><strong>quoad</strong></span> <span class='ocrx_word' id='word_1_257' title='bbox 414 1886 609 1937; x_wconf 90' lang='lat' dir='ltr'><strong>predictas</strong></span> <span class='ocrx_word' id='word_1_258' title='bbox 631 1899 697 1924; x_wconf 88' lang='lat' dir='ltr'><strong>sex</strong></span> <span class='ocrx_word' id='word_1_259' title='bbox 717 1899 826 1923; x_wconf 88' lang='lat' dir='ltr'><strong>acras</strong></span> <span class='ocrx_word' id='word_1_260' title='bbox 847 1885 946 1935; x_wconf 86' lang='lat' dir='ltr'><strong>prati</strong></span> <span class='ocrx_word' id='word_1_261' title='bbox 977 1885 1115 1923; x_wconf 89' lang='lat' dir='ltr'><strong>dicunt</strong></span> <span class='ocrx_word' id='word_1_262' title='bbox 1145 1885 1255 1934; x_wconf 90' lang='lat' dir='ltr'><strong>quod</strong></span> <span class='ocrx_word' id='word_1_263' title='bbox 1283 1884 1474 1923; x_wconf 87' lang='lat' dir='ltr'><strong>medietas</strong></span> <span class='ocrx_word' id='word_1_264' title='bbox 1497 1884 1612 1923; x_wconf 91' lang='lat' dir='ltr'><strong>unius</strong></span> <span class='ocrx_word' id='word_1_265' title='bbox 1632 1898 1721 1923; x_wconf 90' lang='lat' dir='ltr'><strong>acre</strong></span> <span class='ocrx_word' id='word_1_266' title='bbox 1741 1884 1842 1934; x_wconf 88' lang='lat' dir='ltr'><strong>prati</strong></span> 
     </span>
     <span class='ocr_line' id='line_1_27' title="bbox 253 1947 1842 1998; baseline -0.003 -8"><span class='ocrx_word' id='word_1_267' title='bbox 253 1953 304 1990; x_wconf 92' lang='lat' dir='ltr'><strong>de</strong></span> <span class='ocrx_word' id='word_1_268' title='bbox 324 1952 474 1990; x_wconf 88' lang='lat' dir='ltr'><strong>eisdem</strong></span> <span class='ocrx_word' id='word_1_269' title='bbox 495 1963 564 1988; x_wconf 85' lang='lat' dir='ltr'><strong>sex</strong></span> <span class='ocrx_word' id='word_1_270' title='bbox 583 1949 682 1987; x_wconf 91' lang='lat' dir='ltr'><strong>acris</strong></span> <span class='ocrx_word' id='word_1_271' title='bbox 714 1948 814 1998; x_wconf 86' lang='lat' dir='ltr'><strong>prati</strong></span> <span class='ocrx_word' id='word_1_272' title='bbox 848 1956 906 1987; x_wconf 89' lang='lat' dir='ltr'><strong>est</strong></span> <span class='ocrx_word' id='word_1_273' title='bbox 936 1949 986 1986; x_wconf 92' lang='lat' dir='ltr'><strong>de</strong></span> <span class='ocrx_word' id='word_1_274' title='bbox 1020 1948 1186 1998; x_wconf 88' lang='lat' dir='ltr'><strong>antiquo</strong></span> <span class='ocrx_word' id='word_1_275' title='bbox 1216 1947 1420 1986; x_wconf 88' lang='lat' dir='ltr'><strong>dominico</strong></span> <span class='ocrx_word' id='word_1_276' title='bbox 1449 1961 1596 1987; x_wconf 90' lang='lat' dir='ltr'><strong>corone</strong></span> <span class='ocrx_word' id='word_1_277' title='bbox 1616 1948 1783 1998; x_wconf 82' lang='lat' dir='ltr'><strong>Anglice</strong></span> <span class='ocrx_word' id='word_1_278' title='bbox 1804 1955 1842 1986; x_wconf 88' lang='lat' dir='ltr'><strong>et</strong></span> 
     </span>
     <span class='ocr_line' id='line_1_28' title="bbox 251 2013 1841 2065; baseline -0.004 -9"><span class='ocrx_word' id='word_1_279' title='bbox 251 2026 407 2056; x_wconf 83' lang='lat' dir='ltr'><strong>tenetur</strong></span> <span class='ocrx_word' id='word_1_280' title='bbox 426 2017 477 2054; x_wconf 95' lang='lat' dir='ltr'><strong>de</strong></span> <span class='ocrx_word' id='word_1_281' title='bbox 499 2017 648 2065; x_wconf 85' lang='lat' dir='ltr'><strong>prefato</strong></span> <span class='ocrx_word' id='word_1_282' title='bbox 671 2014 829 2054; x_wconf 81' lang='lat' dir='ltr'><strong>Comite</strong></span> <span class='ocrx_word' id='word_1_283' title='bbox 850 2013 891 2051; x_wconf 92' lang='lat' dir='ltr'><strong>in</strong></span> <span class='ocrx_word' id='word_1_284' title='bbox 913 2014 1031 2053; x_wconf 89' lang='lat' dir='ltr'><strong>Curia</strong></span> <span class='ocrx_word' id='word_1_285' title='bbox 1052 2013 1216 2052; x_wconf 88' lang='lat' dir='ltr'><strong>manerii</strong></span> <span class='ocrx_word' id='word_1_286' title='bbox 1236 2013 1339 2051; x_wconf 90' lang='lat' dir='ltr'><strong>illius</strong></span> <span class='ocrx_word' id='word_1_287' title='bbox 1368 2013 1609 2063; x_wconf 88' lang='lat' dir='ltr'><strong>placitabilia</strong></span> <span class='ocrx_word' id='word_1_288' title='bbox 1630 2020 1668 2051; x_wconf 89' lang='lat' dir='ltr'><strong>et</strong></span> <span class='ocrx_word' id='word_1_289' title='bbox 1689 2026 1768 2051; x_wconf 90' lang='lat' dir='ltr'><strong>non</strong></span> <span class='ocrx_word' id='word_1_290' title='bbox 1791 2014 1841 2051; x_wconf 89' lang='lat' dir='ltr'><strong>ad</strong></span> 
     </span>
     <span class='ocr_line' id='line_1_29' title="bbox 253 2077 1841 2129; baseline -0.003 -9"><span class='ocrx_word' id='word_1_291' title='bbox 253 2094 507 2121; x_wconf 91' lang='lat' dir='ltr'><strong>communem</strong></span> <span class='ocrx_word' id='word_1_292' title='bbox 527 2081 666 2129; x_wconf 85' lang='lat' dir='ltr'><strong>legem,</strong></span> <span class='ocrx_word' id='word_1_293' title='bbox 689 2087 728 2117; x_wconf 87' lang='lat' dir='ltr'><strong>et</strong></span> <span class='ocrx_word' id='word_1_294' title='bbox 748 2079 886 2117; x_wconf 86' lang='lat' dir='ltr'><strong>dicunt</strong></span> <span class='ocrx_word' id='word_1_295' title='bbox 908 2080 1017 2128; x_wconf 92' lang='lat' dir='ltr'><strong>quod</strong></span> <span class='ocrx_word' id='word_1_296' title='bbox 1039 2078 1215 2129; x_wconf 85' lang='lat' dir='ltr'><strong>quinque</strong></span> <span class='ocrx_word' id='word_1_297' title='bbox 1244 2091 1334 2116; x_wconf 90' lang='lat' dir='ltr'><strong>acre</strong></span> <span class='ocrx_word' id='word_1_298' title='bbox 1355 2086 1393 2116; x_wconf 89' lang='lat' dir='ltr'><strong>et</strong></span> <span class='ocrx_word' id='word_1_299' title='bbox 1415 2077 1591 2124; x_wconf 88' lang='lat' dir='ltr'><strong>dimidia,</strong></span> <span class='ocrx_word' id='word_1_300' title='bbox 1613 2077 1768 2115; x_wconf 90' lang='lat' dir='ltr'><strong>residue</strong></span> <span class='ocrx_word' id='word_1_301' title='bbox 1790 2078 1841 2115; x_wconf 90' lang='lat' dir='ltr'><strong>de</strong></span> 
     </span>
     <span class='ocr_line' id='line_1_30' title="bbox 253 2144 1841 2197; baseline -0.003 -12"><span class='ocrx_word' id='word_1_302' title='bbox 253 2146 440 2197; x_wconf 88' lang='lat' dir='ltr'><strong>predictis</strong></span> <span class='ocrx_word' id='word_1_303' title='bbox 462 2159 529 2184; x_wconf 88' lang='lat' dir='ltr'><strong>sex</strong></span> <span class='ocrx_word' id='word_1_304' title='bbox 558 2144 656 2183; x_wconf 91' lang='lat' dir='ltr'><strong>acris</strong></span> <span class='ocrx_word' id='word_1_305' title='bbox 690 2144 800 2193; x_wconf 83' lang='lat' dir='ltr'><strong>prati,</strong></span> <span class='ocrx_word' id='word_1_306' title='bbox 838 2151 929 2182; x_wconf 87' lang='lat' dir='ltr'><strong>sunt</strong></span> <span class='ocrx_word' id='word_1_307' title='bbox 963 2145 1013 2181; x_wconf 94' lang='lat' dir='ltr'><strong>de</strong></span> <span class='ocrx_word' id='word_1_308' title='bbox 1043 2144 1222 2193; x_wconf 92' lang='lat' dir='ltr'><strong>predicto</strong></span> <span class='ocrx_word' id='word_1_309' title='bbox 1259 2144 1377 2182; x_wconf 80' lang='lat' dir='ltr'><strong>feodo</strong></span> <span class='ocrx_word' id='word_1_310' title='bbox 1408 2144 1459 2182; x_wconf 91' lang='lat' dir='ltr'><strong>de</strong></span> <span class='ocrx_word' id='word_1_311' title='bbox 1494 2145 1602 2181; x_wconf 87' lang='lat' dir='ltr'><strong>Aton</strong></span> <span class='ocrx_word' id='word_1_312' title='bbox 1632 2144 1683 2181; x_wconf 91' lang='lat' dir='ltr'><strong>ad</strong></span> <span class='ocrx_word' id='word_1_313' title='bbox 1715 2144 1841 2192; x_wconf 84' lang='lat' dir='ltr'><strong>legem</strong></span> 
     </span>
     <span class='ocr_line' id='line_1_31' title="bbox 254 2207 1840 2260; baseline -0.004 -9"><span class='ocrx_word' id='word_1_314' title='bbox 254 2224 509 2251; x_wconf 89' lang='lat' dir='ltr'><strong>communem</strong></span> <span class='ocrx_word' id='word_1_315' title='bbox 529 2209 779 2260; x_wconf 82' lang='lat' dir='ltr'><strong>placitabilia,</strong></span> <span class='ocrx_word' id='word_1_316' title='bbox 803 2209 942 2247; x_wconf 87' lang='lat' dir='ltr'><strong>dicunt</strong></span> <span class='ocrx_word' id='word_1_317' title='bbox 972 2208 1096 2246; x_wconf 87' lang='lat' dir='ltr'><strong>eciam</strong></span> <span class='ocrx_word' id='word_1_318' title='bbox 1129 2209 1239 2257; x_wconf 88' lang='lat' dir='ltr'><strong>quod</strong></span> <span class='ocrx_word' id='word_1_319' title='bbox 1269 2207 1447 2257; x_wconf 87' lang='lat' dir='ltr'><strong>predicte</strong></span> <span class='ocrx_word' id='word_1_320' title='bbox 1468 2207 1626 2257; x_wconf 85' lang='lat' dir='ltr'><strong>triginta</strong></span> <span class='ocrx_word' id='word_1_321' title='bbox 1646 2207 1840 2246; x_wconf 60' lang='lat' dir='ltr'><strong>solidate*</strong></span> 
     </span>
    </p>
   </div>
   <div class='ocr_carea' id='block_1_3' title="bbox 254 2335 1847 3041">
    <p class='ocr_par' dir='ltr' id='par_1_3' title="bbox 254 2335 1847 3041">
     <span class='ocr_line' id='line_1_32' title="bbox 255 2335 1844 2392; baseline -0.005 -12"><span class='ocrx_word' id='word_1_322' title='bbox 255 2343 348 2392; x_wconf 93' lang='lat' dir='ltr'><strong>they</strong></span> <span class='ocrx_word' id='word_1_323' title='bbox 368 2342 465 2379; x_wconf 91' lang='lat' dir='ltr'><strong>both</strong></span> <span class='ocrx_word' id='word_1_324' title='bbox 485 2352 640 2390; x_wconf 87' lang='lat' dir='ltr'><strong>appear,</strong></span> <span class='ocrx_word' id='word_1_325' title='bbox 663 2339 742 2376; x_wconf 90' lang='lat' dir='ltr'><strong>and</strong></span> <span class='ocrx_word' id='word_1_326' title='bbox 763 2338 829 2375; x_wconf 88' lang='lat' dir='ltr'><strong>the</strong></span> <span class='ocrx_word' id='word_1_327' title='bbox 864 2336 949 2375; x_wconf 92' lang='lat' dir='ltr'><strong>trial</strong></span> <span class='ocrx_word' id='word_1_328' title='bbox 979 2335 1010 2373; x_wconf 85' lang='lat' dir='ltr'><strong>is</strong></span> <span class='ocrx_word' id='word_1_329' title='bbox 1039 2337 1212 2385; x_wconf 87' lang='lat' dir='ltr'><strong>respited</strong></span> <span class='ocrx_word' id='word_1_330' title='bbox 1242 2336 1341 2374; x_wconf 92' lang='lat' dir='ltr'><strong>until</strong></span> <span class='ocrx_word' id='word_1_331' title='bbox 1371 2337 1438 2375; x_wconf 86' lang='lat' dir='ltr'><strong>the</strong></span> <span class='ocrx_word' id='word_1_332' title='bbox 1469 2338 1607 2375; x_wconf 84' lang='lat' dir='ltr'><strong>Easter</strong></span> <span class='ocrx_word' id='word_1_333' title='bbox 1634 2338 1754 2374; x_wconf 90' lang='lat' dir='ltr'><strong>Terrn</strong></span> <span class='ocrx_word' id='word_1_334' title='bbox 1784 2336 1844 2373; x_wconf 90' lang='lat' dir='ltr'><strong>for</strong></span> 
     </span>
     <span class='ocr_line' id='line_1_33' title="bbox 254 2401 1844 2455; baseline -0.003 -11"><span class='ocrx_word' id='word_1_335' title='bbox 254 2408 322 2445; x_wconf 89' lang='lat' dir='ltr'><strong>the</strong></span> <span class='ocrx_word' id='word_1_336' title='bbox 355 2417 525 2455; x_wconf 91' lang='lat' dir='ltr'><strong>purpose</strong></span> <span class='ocrx_word' id='word_1_337' title='bbox 557 2405 600 2442; x_wconf 88' lang='lat' dir='ltr'><strong>of</strong></span> <span class='ocrx_word' id='word_1_338' title='bbox 634 2402 751 2452; x_wconf 86' lang='lat' dir='ltr'><strong>being</strong></span> <span class='ocrx_word' id='word_1_339' title='bbox 788 2401 888 2439; x_wconf 87' lang='lat' dir='ltr'><strong>tried</strong></span> <span class='ocrx_word' id='word_1_340' title='bbox 925 2407 966 2438; x_wconf 89' lang='lat' dir='ltr'><strong>at</strong></span> <span class='ocrx_word' id='word_1_341' title='bbox 995 2401 1103 2438; x_wconf 86' lang='lat' dir='ltr'><strong>York</strong></span> <span class='ocrx_word' id='word_1_342' title='bbox 1132 2401 1288 2440; x_wconf 86' lang='lat' dir='ltr'><strong>Assizes</strong></span> <span class='ocrx_word' id='word_1_343' title='bbox 1317 2402 1450 2440; x_wconf 89' lang='lat' dir='ltr'><strong>before</strong></span> <span class='ocrx_word' id='word_1_344' title='bbox 1478 2402 1647 2439; x_wconf 82' lang='lat' dir='ltr'><strong>William</strong></span> <span class='ocrx_word' id='word_1_345' title='bbox 1677 2403 1771 2440; x_wconf 89' lang='lat' dir='ltr'><strong>Scot</strong></span> <span class='ocrx_word' id='word_1_346' title='bbox 1800 2415 1844 2440; x_wconf 94' lang='lat' dir='ltr'><strong>or</strong></span> 
     </span>
     <span class='ocr_line' id='line_1_34' title="bbox 257 2465 1843 2515; baseline -0.004 -6"><span class='ocrx_word' id='word_1_347' title='bbox 257 2471 426 2509; x_wconf 87' lang='lat' dir='ltr'><strong>William</strong></span> <span class='ocrx_word' id='word_1_348' title='bbox 448 2471 586 2507; x_wconf 87' lang='lat' dir='ltr'><strong>Basset</strong></span> <span class='ocrx_word' id='word_1_349' title='bbox 614 2481 664 2505; x_wconf 90' lang='lat' dir='ltr'><strong>on</strong></span> <span class='ocrx_word' id='word_1_350' title='bbox 687 2467 840 2515; x_wconf 85' lang='lat' dir='ltr'><strong>Friday,</strong></span> <span class='ocrx_word' id='word_1_351' title='bbox 865 2466 929 2514; x_wconf 85' lang='lat' dir='ltr'><strong>7th</strong></span> <span class='ocrx_word' id='word_1_352' title='bbox 963 2465 1112 2509; x_wconf 85' lang='lat' dir='ltr'><strong>March,</strong></span> <span class='ocrx_word' id='word_1_353' title='bbox 1141 2478 1251 2514; x_wconf 82' lang='lat'>1343.</span> <span class='ocrx_word' id='word_1_354' title='bbox 1313 2467 1362 2504; x_wconf 89' lang='lat' dir='ltr'><strong>In</strong></span> <span class='ocrx_word' id='word_1_355' title='bbox 1381 2466 1448 2504; x_wconf 86' lang='lat' dir='ltr'><strong>the</strong></span> <span class='ocrx_word' id='word_1_356' title='bbox 1469 2467 1608 2504; x_wconf 89' lang='lat' dir='ltr'><strong>Easter</strong></span> <span class='ocrx_word' id='word_1_357' title='bbox 1627 2468 1746 2504; x_wconf 91' lang='lat' dir='ltr'><strong>Term</strong></span> <span class='ocrx_word' id='word_1_358' title='bbox 1776 2467 1843 2504; x_wconf 90' lang='lat' dir='ltr'><strong>the</strong></span> 
     </span>
     <span class='ocr_line' id='line_1_35' title="bbox 256 2530 1842 2580; baseline -0.004 -6"><span class='ocrx_word' id='word_1_359' title='bbox 256 2535 405 2574; x_wconf 90' lang='lat' dir='ltr'><strong>verdict</strong></span> <span class='ocrx_word' id='word_1_360' title='bbox 425 2534 456 2572; x_wconf 92' lang='lat' dir='ltr'><strong>is</strong></span> <span class='ocrx_word' id='word_1_361' title='bbox 490 2532 692 2578; x_wconf 90' lang='lat' dir='ltr'><strong>recorded,</strong></span> <span class='ocrx_word' id='word_1_362' title='bbox 716 2531 884 2579; x_wconf 87' lang='lat' dir='ltr'><strong>namely</strong></span> <span class='ocrx_word' id='word_1_363' title='bbox 905 2531 989 2568; x_wconf 84' lang='lat' dir='ltr'><strong>that</strong></span> <span class='ocrx_word' id='word_1_364' title='bbox 1018 2531 1155 2567; x_wconf 87' lang='lat' dir='ltr'><strong>twelve</strong></span> <span class='ocrx_word' id='word_1_365' title='bbox 1184 2531 1287 2578; x_wconf 78' lang='lat' dir='ltr'><strong>tosts,</strong></span> <span class='ocrx_word' id='word_1_366' title='bbox 1319 2531 1455 2569; x_wconf 91' lang='lat' dir='ltr'><strong>twelve</strong></span> <span class='ocrx_word' id='word_1_367' title='bbox 1485 2543 1670 2580; x_wconf 83' lang='lat' dir='ltr'><strong>oxgangs</strong></span> <span class='ocrx_word' id='word_1_368' title='bbox 1692 2530 1842 2569; x_wconf 90' lang='lat' dir='ltr'><strong>sixteen</strong></span> 
     </span>
     <span class='ocr_line' id='line_1_36' title="bbox 256 2596 1842 2646; baseline -0.004 -6"><span class='ocrx_word' id='word_1_369' title='bbox 256 2614 365 2640; x_wconf 89' lang='lat' dir='ltr'><strong>acres</strong></span> <span class='ocrx_word' id='word_1_370' title='bbox 386 2602 431 2640; x_wconf 89' lang='lat' dir='ltr'><strong>of</strong></span> <span class='ocrx_word' id='word_1_371' title='bbox 445 2600 586 2646; x_wconf 84' lang='lat' dir='ltr'><strong>arable,</strong></span> <span class='ocrx_word' id='word_1_372' title='bbox 609 2598 688 2636; x_wconf 86' lang='lat' dir='ltr'><strong>and</strong></span> <span class='ocrx_word' id='word_1_373' title='bbox 709 2598 795 2635; x_wconf 83' lang='lat' dir='ltr'><strong>half</strong></span> <span class='ocrx_word' id='word_1_374' title='bbox 822 2610 872 2634; x_wconf 88' lang='lat' dir='ltr'><strong>an</strong></span> <span class='ocrx_word' id='word_1_375' title='bbox 904 2608 992 2633; x_wconf 88' lang='lat' dir='ltr'><strong>acre</strong></span> <span class='ocrx_word' id='word_1_376' title='bbox 1026 2596 1072 2634; x_wconf 92' lang='lat' dir='ltr'><strong>of</strong></span> <span class='ocrx_word' id='word_1_377' title='bbox 1095 2597 1273 2634; x_wconf 88' lang='lat' dir='ltr'><strong>meadow</strong></span> <span class='ocrx_word' id='word_1_378' title='bbox 1302 2609 1367 2634; x_wconf 87' lang='lat' dir='ltr'><strong>are</strong></span> <span class='ocrx_word' id='word_1_379' title='bbox 1396 2597 1440 2634; x_wconf 92' lang='lat' dir='ltr'><strong>of</strong></span> <span class='ocrx_word' id='word_1_380' title='bbox 1463 2596 1623 2635; x_wconf 88' lang='lat' dir='ltr'><strong>ancient</strong></span> <span class='ocrx_word' id='word_1_381' title='bbox 1652 2597 1842 2634; x_wconf 88' lang='lat' dir='ltr'><strong>demesne</strong></span> 
     </span>
     <span class='ocr_line' id='line_1_37' title="bbox 256 2661 1847 2711; baseline -0.005 -5"><span class='ocrx_word' id='word_1_382' title='bbox 256 2669 302 2706; x_wconf 90' lang='lat' dir='ltr'><strong>of</strong></span> <span class='ocrx_word' id='word_1_383' title='bbox 325 2668 393 2706; x_wconf 92' lang='lat' dir='ltr'><strong>the</strong></span> <span class='ocrx_word' id='word_1_384' title='bbox 422 2667 576 2711; x_wconf 88' lang='lat' dir='ltr'><strong>Crown,</strong></span> <span class='ocrx_word' id='word_1_385' title='bbox 615 2664 708 2702; x_wconf 91' lang='lat' dir='ltr'><strong>held</strong></span> <span class='ocrx_word' id='word_1_386' title='bbox 747 2663 792 2701; x_wconf 95' lang='lat' dir='ltr'><strong>of</strong></span> <span class='ocrx_word' id='word_1_387' title='bbox 823 2663 890 2700; x_wconf 85' lang='lat' dir='ltr'><strong>the</strong></span> <span class='ocrx_word' id='word_1_388' title='bbox 921 2662 1011 2699; x_wconf 86' lang='lat' dir='ltr'><strong>Earl</strong></span> <span class='ocrx_word' id='word_1_389' title='bbox 1041 2662 1085 2700; x_wconf 89' lang='lat' dir='ltr'><strong>of</strong></span> <span class='ocrx_word' id='word_1_390' title='bbox 1109 2663 1323 2699; x_wconf 87' lang='lat' dir='ltr'><strong>Lancaster</strong></span> <span class='ocrx_word' id='word_1_391' title='bbox 1350 2673 1392 2699; x_wconf 88' lang='lat' dir='ltr'><strong>as</strong></span> <span class='ocrx_word' id='word_1_392' title='bbox 1436 2662 1482 2699; x_wconf 94' lang='lat' dir='ltr'><strong>of</strong></span> <span class='ocrx_word' id='word_1_393' title='bbox 1519 2661 1577 2699; x_wconf 94' lang='lat' dir='ltr'><strong>his</strong></span> <span class='ocrx_word' id='word_1_394' title='bbox 1617 2674 1756 2699; x_wconf 90' lang='lat' dir='ltr'><strong>manor</strong></span> <span class='ocrx_word' id='word_1_395' title='bbox 1802 2662 1847 2699; x_wconf 89' lang='lat' dir='ltr'><strong>of</strong></span> 
     </span>
     <span class='ocr_line' id='line_1_38' title="bbox 258 2725 1842 2780; baseline -0.004 -10"><span class='ocrx_word' id='word_1_396' title='bbox 258 2730 477 2780; x_wconf 84' lang='lat' dir='ltr'><strong>Pickering</strong></span> <span class='ocrx_word' id='word_1_397' title='bbox 499 2730 578 2768; x_wconf 89' lang='lat' dir='ltr'><strong>and</strong></span> <span class='ocrx_word' id='word_1_398' title='bbox 599 2727 863 2777; x_wconf 87' lang='lat' dir='ltr'><strong>impleadable</strong></span> <span class='ocrx_word' id='word_1_399' title='bbox 883 2727 933 2775; x_wconf 92' lang='lat' dir='ltr'><strong>by</strong></span> <span class='ocrx_word' id='word_1_400' title='bbox 954 2733 1108 2765; x_wconf 90' lang='lat' dir='ltr'><strong>custom</strong></span> <span class='ocrx_word' id='word_1_401' title='bbox 1129 2725 1169 2764; x_wconf 90' lang='lat' dir='ltr'><strong>in</strong></span> <span class='ocrx_word' id='word_1_402' title='bbox 1189 2727 1256 2764; x_wconf 90' lang='lat' dir='ltr'><strong>the</strong></span> <span class='ocrx_word' id='word_1_403' title='bbox 1277 2727 1401 2765; x_wconf 89' lang='lat' dir='ltr'><strong>Court</strong></span> <span class='ocrx_word' id='word_1_404' title='bbox 1421 2727 1467 2763; x_wconf 88' lang='lat' dir='ltr'><strong>of</strong></span> <span class='ocrx_word' id='word_1_405' title='bbox 1490 2726 1575 2764; x_wconf 89' lang='lat' dir='ltr'><strong>that</strong></span> <span class='ocrx_word' id='word_1_406' title='bbox 1597 2727 1742 2764; x_wconf 90' lang='lat' dir='ltr'><strong>Manor</strong></span> <span class='ocrx_word' id='word_1_407' title='bbox 1761 2726 1842 2764; x_wconf 88' lang='lat' dir='ltr'><strong>and</strong></span> 
     </span>
     <span class='ocr_line' id='line_1_39' title="bbox 256 2789 1842 2840; baseline -0.006 -4"><span class='ocrx_word' id='word_1_408' title='bbox 256 2804 328 2835; x_wconf 87' lang='lat' dir='ltr'><strong>not</strong></span> <span class='ocrx_word' id='word_1_409' title='bbox 360 2803 400 2835; x_wconf 88' lang='lat' dir='ltr'><strong>at</strong></span> <span class='ocrx_word' id='word_1_410' title='bbox 429 2806 618 2834; x_wconf 88' lang='lat' dir='ltr'><strong>common</strong></span> <span class='ocrx_word' id='word_1_411' title='bbox 649 2794 721 2831; x_wconf 88' lang='lat' dir='ltr'><strong>law</strong></span> <span class='ocrx_word' id='word_1_412' title='bbox 738 2807 748 2840; x_wconf 80' lang='lat'><em>3</em></span> <span class='ocrx_word' id='word_1_413' title='bbox 777 2793 856 2830; x_wconf 87' lang='lat' dir='ltr'><strong>and</strong></span> <span class='ocrx_word' id='word_1_414' title='bbox 890 2792 973 2830; x_wconf 87' lang='lat' dir='ltr'><strong>that</strong></span> <span class='ocrx_word' id='word_1_415' title='bbox 1007 2792 1073 2829; x_wconf 91' lang='lat' dir='ltr'><strong>the</strong></span> <span class='ocrx_word' id='word_1_416' title='bbox 1104 2789 1321 2840; x_wconf 86' lang='lat' dir='ltr'><strong>remaining</strong></span> <span class='ocrx_word' id='word_1_417' title='bbox 1349 2792 1436 2828; x_wconf 90' lang='lat' dir='ltr'><strong>four</strong></span> <span class='ocrx_word' id='word_1_418' title='bbox 1463 2791 1568 2837; x_wconf 86' lang='lat' dir='ltr'><strong>tofts,</strong></span> <span class='ocrx_word' id='word_1_419' title='bbox 1596 2790 1842 2837; x_wconf 86' lang='lat' dir='ltr'><strong>twenty-four</strong></span> 
     </span>
     <span class='ocr_line' id='line_1_40' title="bbox 257 2852 1841 2904; baseline -0.006 -4"><span class='ocrx_word' id='word_1_420' title='bbox 257 2875 365 2900; x_wconf 88' lang='lat' dir='ltr'><strong>acres</strong></span> <span class='ocrx_word' id='word_1_421' title='bbox 395 2862 440 2899; x_wconf 91' lang='lat' dir='ltr'><strong>of</strong></span> <span class='ocrx_word' id='word_1_422' title='bbox 463 2860 606 2904; x_wconf 82' lang='lat' dir='ltr'><strong>arable</strong></span> <span class='ocrx_word' id='word_1_423' title='bbox 629 2859 704 2895; x_wconf 91' lang='lat' dir='ltr'><strong>five</strong></span> <span class='ocrx_word' id='word_1_424' title='bbox 725 2857 804 2895; x_wconf 90' lang='lat' dir='ltr'><strong>and</strong></span> <span class='ocrx_word' id='word_1_425' title='bbox 828 2869 850 2894; x_wconf 92' lang='lat' dir='ltr'><strong>a</strong></span> <span class='ocrx_word' id='word_1_426' title='bbox 879 2856 965 2893; x_wconf 88' lang='lat' dir='ltr'><strong>half</strong></span> <span class='ocrx_word' id='word_1_427' title='bbox 990 2868 1097 2893; x_wconf 88' lang='lat' dir='ltr'><strong>acres</strong></span> <span class='ocrx_word' id='word_1_428' title='bbox 1127 2856 1172 2893; x_wconf 95' lang='lat' dir='ltr'><strong>of</strong></span> <span class='ocrx_word' id='word_1_429' title='bbox 1195 2855 1385 2902; x_wconf 88' lang='lat' dir='ltr'><strong>meadow,</strong></span> <span class='ocrx_word' id='word_1_430' title='bbox 1406 2855 1486 2892; x_wconf 92' lang='lat' dir='ltr'><strong>and</strong></span> <span class='ocrx_word' id='word_1_431' title='bbox 1520 2853 1637 2902; x_wconf 86' lang='lat' dir='ltr'><strong>thirty</strong></span> <span class='ocrx_word' id='word_1_432' title='bbox 1666 2852 1841 2902; x_wconf 87' lang='lat' dir='ltr'><strong>shillings</strong></span> 
     </span>
     <span class='ocr_line' id='line_1_41' title="bbox 255 2918 1841 2972; baseline -0.007 -7"><span class='ocrx_word' id='word_1_433' title='bbox 255 2933 341 2965; x_wconf 90' lang='lat' dir='ltr'><strong>rent</strong></span> <span class='ocrx_word' id='word_1_434' title='bbox 361 2939 425 2964; x_wconf 92' lang='lat' dir='ltr'><strong>are</strong></span> <span class='ocrx_word' id='word_1_435' title='bbox 446 2925 491 2964; x_wconf 88' lang='lat' dir='ltr'><strong>of</strong></span> <span class='ocrx_word' id='word_1_436' title='bbox 514 2925 582 2963; x_wconf 90' lang='lat' dir='ltr'><strong>the</strong></span> <span class='ocrx_word' id='word_1_437' title='bbox 610 2925 671 2962; x_wconf 90' lang='lat' dir='ltr'><strong>fee</strong></span> <span class='ocrx_word' id='word_1_438' title='bbox 695 2924 735 2961; x_wconf 82' lang='lat' dir='ltr'><strong>of</strong></span> <span class='ocrx_word' id='word_1_439' title='bbox 763 2924 907 2972; x_wconf 87' lang='lat' dir='ltr'><strong>Ayton</strong></span> <span class='ocrx_word' id='word_1_440' title='bbox 930 2921 1009 2959; x_wconf 87' lang='lat' dir='ltr'><strong>and</strong></span> <span class='ocrx_word' id='word_1_441' title='bbox 1030 2920 1291 2970; x_wconf 88' lang='lat' dir='ltr'><strong>impleadable</strong></span> <span class='ocrx_word' id='word_1_442' title='bbox 1321 2927 1360 2958; x_wconf 91' lang='lat' dir='ltr'><strong>at</strong></span> <span class='ocrx_word' id='word_1_443' title='bbox 1394 2931 1581 2957; x_wconf 89' lang='lat' dir='ltr'><strong>common</strong></span> <span class='ocrx_word' id='word_1_444' title='bbox 1613 2918 1692 2956; x_wconf 85' lang='lat' dir='ltr'><strong>law,</strong></span> <span class='ocrx_word' id='word_1_445' title='bbox 1751 2918 1841 2955; x_wconf 90' lang='lat' dir='ltr'><strong>The</strong></span> 
     </span>
     <span class='ocr_line' id='line_1_42' title="bbox 254 2981 1840 3041; baseline -0.006 -12"><span class='ocrx_word' id='word_1_446' title='bbox 254 2992 341 3041; x_wconf 88' lang='lat' dir='ltr'><strong>jury</strong></span> <span class='ocrx_word' id='word_1_447' title='bbox 362 3004 428 3040; x_wconf 91' lang='lat' dir='ltr'><strong>say</strong></span> <span class='ocrx_word' id='word_1_448' title='bbox 448 2990 532 3028; x_wconf 88' lang='lat' dir='ltr'><strong>that</strong></span> <span class='ocrx_word' id='word_1_449' title='bbox 553 2989 618 3027; x_wconf 89' lang='lat' dir='ltr'><strong>the</strong></span> <span class='ocrx_word' id='word_1_450' title='bbox 638 2993 859 3026; x_wconf 87' lang='lat' dir='ltr'><strong>tenements</strong></span> <span class='ocrx_word' id='word_1_451' title='bbox 880 2985 919 3024; x_wconf 91' lang='lat' dir='ltr'><strong>in</strong></span> <span class='ocrx_word' id='word_1_452' title='bbox 955 2987 1174 3035; x_wconf 85' lang='lat' dir='ltr'><strong>Brompton</strong></span> <span class='ocrx_word' id='word_1_453' title='bbox 1206 2985 1286 3023; x_wconf 91' lang='lat' dir='ltr'><strong>and</strong></span> <span class='ocrx_word' id='word_1_454' title='bbox 1320 2985 1487 3023; x_wconf 88' lang='lat' dir='ltr'><strong>Sawdon</strong></span> <span class='ocrx_word' id='word_1_455' title='bbox 1522 2996 1587 3021; x_wconf 90' lang='lat' dir='ltr'><strong>are</strong></span> <span class='ocrx_word' id='word_1_456' title='bbox 1616 2984 1661 3021; x_wconf 93' lang='lat' dir='ltr'><strong>of</strong></span> <span class='ocrx_word' id='word_1_457' title='bbox 1683 2981 1840 3021; x_wconf 87' lang='lat' dir='ltr'><strong>ancient</strong></span> 
     </span>
    </p>
   </div>
   <div class='ocr_carea' id='block_1_4' title="bbox 432 3057 1647 3104">
    <p class='ocr_par' dir='ltr' id='par_1_4' title="bbox 432 3057 1647 3104">
     <span class='ocr_line' id='line_1_43' title="bbox 432 3057 1647 3104; baseline -0.007 -8"><span class='ocrx_word' id='word_1_458' title='bbox 432 3066 446 3081; x_wconf 84' lang='lat'>*</span> <span class='ocrx_word' id='word_1_459' title='bbox 473 3064 554 3095; x_wconf 90' lang='lat' dir='ltr'><strong>This</strong></span> <span class='ocrx_word' id='word_1_460' title='bbox 569 3064 657 3095; x_wconf 89' lang='lat' dir='ltr'><strong>word</strong></span> <span class='ocrx_word' id='word_1_461' title='bbox 675 3062 887 3104; x_wconf 84' lang='lat' dir='ltr'><strong>continually,</strong></span> <span class='ocrx_word' id='word_1_462' title='bbox 907 3062 1107 3103; x_wconf 84' lang='lat' dir='ltr'><strong>throughout</strong></span> <span class='ocrx_word' id='word_1_463' title='bbox 1125 3060 1179 3093; x_wconf 90' lang='lat' dir='ltr'><strong>the</strong></span> <span class='ocrx_word' id='word_1_464' title='bbox 1197 3060 1323 3099; x_wconf 88' lang='lat' dir='ltr'><strong>record,</strong></span> <span class='ocrx_word' id='word_1_465' title='bbox 1343 3059 1448 3091; x_wconf 87' lang='lat' dir='ltr'><strong>varies</strong></span> <span class='ocrx_word' id='word_1_466' title='bbox 1464 3059 1497 3090; x_wconf 84' lang='lat' dir='ltr'><strong>in</strong></span> <span class='ocrx_word' id='word_1_467' title='bbox 1514 3057 1647 3099; x_wconf 84' lang='lat' dir='ltr'><strong>gender.</strong></span> 
     </span>
    </p>
   </div>
  </div>
 </body>
</html>
