2044 3491
273 218 353 258 114
601 209 604 212 ’
636 213 810 245 DUCHY
842 213 903 245 OF
936 213 1227 245 LANCASTER
1260 213 1495 245 RECORDS.

265 327 391 353 unum
416 312 706 353 wodewardum
739 313 780 351 in
817 312 934 350 moris
969 318 1008 350 et
1041 311 1172 350 boscis
1207 311 1286 349 suis
1320 311 1371 349 de
1407 311 1625 355 Alverstan,
1656 315 1695 347 et
1738 306 1859 345 alium

267 379 553 418 wodewardum
575 378 616 416 in
636 376 756 415 moris
777 383 816 415 et
838 373 968 413 boscis
999 373 1076 411 suis
1097 375 1148 412 de
1168 375 1391 422 Farmanby
1413 372 1485 424 (et)
1507 371 1604 410 dicit
1638 371 1747 420 quod
1776 369 1861 419 ipse

270 451 310 483 et
330 456 469 482 omnes
488 450 758 481 antecessores
779 441 838 479 sui
858 453 880 479 a
909 447 1086 489 tempore
1118 452 1198 488 quo
1231 452 1313 477 non
1346 445 1452 477 extat
1483 435 1675 475 memoria
1705 447 1860 484 semper

268 508 611 547 communicarunt
645 519 735 545 cum
768 504 893 555 capris
925 504 964 541 in
999 503 1182 541 omnibus
1217 502 1336 540 moris
1366 510 1404 541 et
1433 502 1563 540 boscis
1592 499 1790 550 predictis,
1822 505 1861 537 et

267 573 442 613 similiter
462 575 644 623 fugarunt
663 572 715 610 ad
735 572 873 619 vulpes
895 576 933 607 et
952 570 1106 618 lepores
1126 567 1225 606 infra
1244 569 1300 606 les
1315 568 1556 616 Acredykes‚
1575 573 1613 605 et
1633 565 1857 603 habuerunt

268 651 394 676 unum
432 637 720 676 wodewardum
757 635 798 673 in
836 634 956 672 moris
995 640 1033 671 et
1071 632 1201 671 boscis
1236 632 1426 681 predictis
1465 633 1516 671 de
1564 632 1773 669 Alverstan
1821 635 1860 667 et

270 703 559 741 wodewardum
588 701 629 739 in
659 700 777 739 moris
807 707 845 738 et
879 698 1009 737 boscis
1045 698 1123 736 suis
1155 698 1206 736 de
1245 698 1479 746 Farmanby,
1512 703 1551 735 et
1588 696 1666 733 hoc
1704 700 1862 744 paratus

271 767 470 806 verificare
499 780 567 817 per
605 766 803 804 ministros
842 765 1019 814 ejusdem
1062 764 1202 801 foreste
1240 770 1311 801 etc.
1374 762 1475 800 Ideo
1513 760 1732 810 inquiratur
1769 758 1864 796 inde

273 832 414 871 veritas
453 845 523 882 per
556 833 730 870 eosdem.
790 829 871 879 Qui
906 828 1055 867 scilicet
1093 827 1295 874 forestarii,
1318 825 1489 864 viridarii
1523 833 1562 864 et
1595 825 1864 874 regardatores

270 910 388 946 super
406 897 484 936 hoc
501 896 618 945 jurati
639 904 677 934 et
698 894 847 934 onerati
868 894 1006 932 dicunt
1026 905 1142 942 super
1162 898 1451 930 sacramentum
1473 903 1588 928 suurn
1605 889 1713 939 quod
1730 888 1864 938 quoad

270 957 411 996 clamia
449 971 529 1004 sua,
571 957 719 995 scilicet
758 955 941 1005 capiendi
979 954 1019 992 in
1057 967 1167 992 mora
1205 967 1276 991 sua
1324 954 1374 992 de
1422 956 1630 993 Alverstan
1669 955 1862 999 brueram,

272 1024 472 1068 feugerarn
492 1029 530 1060 et
550 1020 728 1059 fodiendi
747 1021 881 1058 turbas
902 1019 943 1056 in
964 1020 1102 1057 eadem
1124 1031 1235 1056 mora
1255 1026 1293 1057 et
1314 1032 1379 1057 eas
1412 1019 1653 1069 asportandi,
1676 1017 1861 1065 cariandi,

273 1086 395 1125 dandi
434 1094 472 1124 et
510 1085 713 1124 vendendi
750 1097 819 1134 per
856 1085 1098 1122 voluntatem
1133 1096 1256 1129 suam,
1290 1090 1330 1121 et
1363 1083 1539 1123 similiter
1576 1084 1617 1122 in
1655 1083 1784 1122 boscis
1815 1084 1865 1121 de

270 1151 479 1189 Alverstan
499 1163 569 1199 per
589 1149 732 1188 divisas
753 1147 949 1198 predictas
970 1145 1155 1196 capiendi
1175 1146 1344 1184 viridum
1368 1161 1436 1197 per
1452 1148 1612 1187 assisam
1631 1150 1774 1187 foreste
1793 1160 1865 1196 pro

272 1215 493 1254 housebote
513 1222 552 1253 et
571 1215 731 1253 haibote
752 1222 789 1252 et
811 1213 960 1251 siccum
981 1213 1032 1250 ad
1052 1212 1277 1250 faciendum
1298 1212 1392 1251 inde
1413 1214 1631 1262 proficuum
1648 1226 1762 1250 suum
1781 1212 1866 1250 sine

271 1280 357 1317 visu
381 1280 443 1318 vel
463 1278 714 1325 liberacione,
736 1286 774 1317 et
796 1277 971 1315 similiter
1000 1277 1323 1315 communicandi
1354 1290 1444 1315 cum
1466 1277 1591 1327 capris
1621 1277 1660 1315 in
1682 1277 1866 1316 omnibus

274 1343 392 1382 moris
415 1351 453 1382 et
472 1343 603 1382 boscis
624 1342 811 1392 predictis
833 1350 911 1380 tarn
933 1341 973 1379 in
994 1342 1202 1380 Alverstan
1223 1354 1343 1391 quam
1372 1341 1413 1379 in
1435 1344 1466 1380 F
1468 1344 1656 1392 armanby
1681 1341 1866 1380 omnibus

272 1409 516 1459 temporibus
563 1408 657 1447 anni
705 1408 789 1446 sine
837 1407 1048 1445 occasione
1104 1407 1166 1444 vel
1227 1406 1451 1456 calumpnia
1508 1407 1741 1445 ballivorum
1803 1408 1866 1445 vel

272 1473 574 1520 forestariorum,
598 1480 635 1511 et
657 1471 833 1510 similiter
853 1470 1107 1521 presentandi
1137 1484 1260 1508 unum
1291 1472 1577 1510 wodewardum
1608 1471 1648 1509 in
1678 1470 1797 1509 moris
1827 1478 1867 1509 et

273 1538 404 1576 boscis
425 1537 503 1575 suis
525 1538 575 1576 de
595 1538 802 1575 Alverstan
819 1543 857 1574 et
877 1536 997 1573 aliurn
1014 1536 1301 1574 wodewardum
1322 1536 1362 1574 in
1379 1536 1497 1575 moris
1519 1544 1557 1575 et
1574 1536 1703 1575 boscis
1721 1535 1800 1573 suis
1817 1536 1867 1573 de

273 1603 505 1652 Farmanby,
528 1602 637 1651 quod
657 1601 765 1640 idern
788 1601 1024 1650 Radulphus
1045 1607 1084 1638 et
1104 1613 1243 1639 omnes
1271 1608 1540 1639 antecessores
1563 1601 1621 1639 sui
1642 1614 1664 1639 a
1685 1608 1865 1649 tempore

274 1680 354 1716 quo
375 1680 456 1705 non
477 1674 581 1705 extat
601 1665 790 1704 memoria
811 1666 869 1703 usi
891 1672 981 1703 sunt
1001 1665 1041 1702 in
1062 1664 1192 1703 boscis
1222 1665 1299 1704 suis
1330 1667 1380 1704 de
1411 1666 1630 1712 Alverstan,
1653 1664 1803 1703 scilicet
1824 1663 1865 1701 in

276 1732 475 1781 Crostclyf
490 1739 528 1769 et
549 1731 760 1780 Stayndale
779 1743 920 1780 capere
936 1742 1004 1779 per
1019 1729 1182 1767 assisam
1197 1730 1338 1768 foreste
1354 1729 1523 1768 viridum
1543 1743 1615 1780 pro
1643 1729 1864 1767 housebote

274 1803 313 1834 et
333 1795 493 1834 haibote
513 1803 552 1834 et
572 1795 719 1834 siccum
740 1796 790 1833 ad
812 1794 1036 1833 faciendum
1057 1793 1150 1832 inde
1180 1795 1401 1843 proficuum
1432 1808 1546 1833 suum
1576 1794 1661 1833 sine
1691 1794 1775 1832 visu
1805 1793 1866 1831 vel

273 1860 512 1899 liberacione
545 1873 616 1910 pro
650 1862 853 1898 voluntate
884 1872 963 1906 sua,
995 1866 1033 1897 et
1068 1857 1243 1897 similiter
1274 1860 1384 1908 quod
1417 1859 1524 1897 idem
1558 1859 1798 1907 Radulphus
1829 1865 1868 1896 et

276 1933 544 1963 antecessores
565 1924 625 1962 sui
645 1924 811 1974 predicti
842 1936 996 1972 semper
1015 1936 1038 1960 a
1057 1930 1236 1972 tempore
1258 1936 1337 1972 quo
1358 1936 1439 1961 non
1460 1931 1564 1961 extat
1587 1923 1777 1961 memoria
1808 1921 1869 1960 usi

277 1998 367 2028 sunt
388 1989 679 2028 communicare
713 2002 803 2026 cum
835 1987 962 2038 capris
996 1987 1036 2025 in
1071 1987 1256 2025 omnibus
1291 1986 1409 2025 moris
1444 1994 1483 2025 et
1517 1987 1648 2025 boscis
1682 1986 1868 2036 predictis

275 2062 356 2093 tam
379 2055 429 2092 de
450 2056 655 2093 Alverstan
686 2066 803 2103 quam
834 2053 884 2090 de
916 2052 1135 2101 Farmanby
1167 2051 1351 2090 omnibus
1380 2051 1624 2101 temporibus
1656 2051 1751 2089 anni
1785 2051 1870 2089 sine

277 2119 501 2168 calumpnia
521 2120 580 2157 vel
602 2118 811 2158 occasione
832 2116 1064 2155 ballivorum
1081 2117 1142 2154 vel
1159 2115 1459 2163 forestariorum,
1485 2126 1523 2155 et
1552 2115 1730 2154 similiter
1759 2116 1870 2165 quod

278 2182 385 2222 idem
407 2185 642 2234 Radulphus
663 2191 700 2222 et
721 2195 860 2221 omnes
880 2189 1149 2220 antecessores
1170 2179 1227 2218 sui
1247 2179 1413 2229 predicti
1444 2193 1599 2230 semper
1632 2193 1656 2218 a
1689 2187 1870 2230 tempore

284 2314 503 2353 woodward
534 2314 593 2350 for
627 2312 686 2350 his
718 2324 851 2350 moors
883 2311 963 2349 and
989 2311 1125 2348 woods
1146 2310 1192 2347 of
1220 2311 1481 2359 Farmandby.
1543 2313 1610 2349 He
1631 2310 1663 2349 is
1684 2311 1804 2360 ready
1824 2318 1866 2349 to

283 2392 401 2429 prove
427 2379 511 2416 that
531 2379 580 2416 he
601 2378 717 2415 holds
738 2377 804 2415 the
824 2388 982 2413 mauors
1003 2375 1045 2413 of
1062 2375 1261 2412 Allerston
1282 2375 1361 2412 and
1383 2376 1643 2424 Farmandby,
1667 2376 1712 2413 of
1740 2376 1868 2413 which

282 2446 350 2483 the
370 2457 501 2482 moors
530 2443 609 2481 and
640 2442 773 2480 woods
794 2441 920 2479 above
940 2439 1111 2478 referred
1131 2445 1172 2477 to
1193 2451 1257 2476 are
1277 2439 1535 2488 respectively
1553 2440 1696 2488 parcel,
1720 2441 1799 2478 and
1819 2440 1871 2478 he

283 2510 363 2548 and
392 2509 451 2547 his
477 2515 678 2547 ancestors
704 2506 817 2544 while
846 2504 1010 2553 holding
1030 2503 1127 2541 such
1149 2516 1305 2541 manors
1325 2504 1436 2550 have,
1458 2504 1559 2541 from
1579 2503 1738 2542 ancient
1758 2503 1865 2552 time,

285 2576 387 2613 been
407 2582 514 2612 wont
534 2581 575 2612 to
597 2572 769 2611 exercise
790 2571 857 2609 the
878 2570 999 2620 rights
1021 2582 1064 2607 so
1085 2567 1264 2606 claimed.

338 2642 404 2677 An
438 2638 593 2688 inquiry
621 2636 652 2675 is
687 2636 863 2675 directed
897 2634 976 2672 and
1010 2634 1077 2671 the
1108 2633 1195 2682 jury
1225 2645 1291 2682 say
1324 2633 1408 2670 that
1440 2631 1499 2671 Sir
1531 2633 1663 2682 Ralph
1697 2634 1778 2671 and
1810 2633 1871 2671 his

284 2710 486 2743 ancestors
515 2703 614 2740 have
642 2702 745 2740 been
774 2707 879 2738 wont
909 2701 1008 2737 from
1038 2698 1194 2736 ancient
1223 2697 1317 2735 time
1346 2704 1387 2735 to
1416 2698 1506 2735 take
1530 2696 1570 2734 in
1591 2698 1657 2735 the
1678 2697 1811 2735 woods
1832 2698 1877 2736 of

286 2770 496 2815 Allerston,
520 2768 638 2807 Cross
660 2766 757 2805 Cliff
779 2765 858 2803 and
885 2763 1098 2809 Staindale,
1119 2770 1202 2800 vert
1222 2761 1434 2811 according
1455 2769 1495 2799 to
1517 2763 1583 2799 the
1604 2761 1725 2799 assize
1745 2762 1790 2799 of
1805 2762 1872 2800 the

287 2836 407 2872 forest
446 2835 506 2871 for
542 2832 764 2870 housebote
797 2830 876 2868 and
911 2829 1134 2877 hedgebote
1168 2828 1247 2865 and
1281 2827 1351 2874 dry
1380 2826 1495 2864 wood
1526 2833 1567 2864 to
1601 2827 1716 2864 make
1754 2827 1871 2875 profit

287 2899 468 2937 thereout
488 2904 527 2936 at
547 2895 649 2936 their
669 2908 756 2934 own
778 2895 956 2945 pleasure
976 2891 1141 2930 without
1169 2890 1265 2930 view
1295 2903 1338 2928 or
1367 2890 1485 2940 livery
1507 2891 1553 2928 of
1576 2891 1643 2928 the
1672 2891 1867 2936 foresters,

286 2963 365 3000 and
385 2961 556 3000 likewise
576 2968 618 2999 to
639 2959 810 2999 exercise
830 2969 1017 2996 common
1039 2956 1084 2994 of
1098 2962 1256 3004 pasture
1275 2956 1333 2993 for
1352 2955 1453 2993 their
1473 2961 1584 3004 goats
1605 2954 1642 2991 in
1665 2955 1716 2991 all
1736 2955 1870 2993 woods

287 3028 364 3064 and
405 3039 535 3065 moors
570 3026 615 3064 of
648 3026 846 3063 Allerston
884 3021 964 3060 and
1003 3020 1253 3068 Farmandby
1287 3026 1325 3057 at
1364 3020 1414 3057 all
1452 3019 1567 3057 times
1602 3019 1644 3056 of
1680 3019 1747 3057 the
1780 3031 1871 3068 year
