2044 3491
301 230 381 271 180
665 237 838 269 DUCHY
870 236 930 269 OF
963 235 1254 268 LANCASTER
1287 235 1524 267 REcoRDs.

350 337 623 374 Presentatum
653 365 823 373 .....
856 335 964 384 quod
984 335 1188 384 Johannes
1209 333 1310 372 filius
1331 332 1518 383 prepositi
1539 333 1589 371 de
1606 334 1765 371 Semere
1781 331 1885 370 visus

295 401 369 439 fuit
407 414 497 439 cum
537 400 621 439 aliis
662 399 980 438 malefactoribus
1014 400 1065 438 de
1110 398 1327 437 venacione
1366 411 1484 436 causa
1522 396 1796 436 malefaciendi
1834 399 1885 436 de

294 465 523 512 venacione,
547 465 615 515 qui
643 465 749 504 venit
779 463 891 517 [321]
924 478 1055 502 coram
1091 463 1321 513 Justiciariis
1353 471 1391 501 et
1423 475 1538 512 super
1570 463 1648 500 hoc
1681 461 1884 500 convictus

293 530 482 569 liberatur
500 531 666 580 prisone.
727 531 871 568 Postea
891 529 997 567 venit
1019 536 1057 567 et
1077 530 1195 567 finem
1217 527 1309 566 fecit
1329 541 1397 577 per
1416 534 1453 565 xS
1473 534 1511 566 et
1531 526 1680 566 invenit
1701 534 1771 565 etc.

352 598 625 635 Presentatum
655 625 825 634 .....
857 596 965 644 quod
987 594 1051 632 die
1072 593 1205 632 Sancti
1226 594 1382 631 Thome
1404 592 1571 642 apostoli
1585 605 1691 631 anno
1704 591 1882 642 predicto

297 660 516 699 Nicholaus
538 661 662 698 Harel
683 667 720 698 et
741 660 917 697 Thomas
940 661 1049 708 Boye
1069 657 1212 696 mortui
1233 665 1271 696 et
1291 657 1354 706 viij
1379 657 1442 695 alii
1464 656 1635 696 extranei
1665 657 1821 695 fuerunt
1842 656 1882 694 in

296 726 438 764 foresta
458 726 565 775 apud
595 724 831 774 Blaklisgate
865 732 903 763 et
938 723 1167 762 occiderunt
1198 723 1298 761 duos
1337 735 1471 760 cervos
1507 730 1545 760 et
1576 735 1656 772 quo
1689 723 1884 760 duxerunt

296 789 554 828 venacionem
585 789 766 827 nescitur.
828 790 890 827 De
909 788 974 838 viij
997 787 1188 827 extraneis
1209 786 1330 825 nichil
1351 794 1480 837 potest
1500 786 1583 825 fieri
1604 794 1642 825 et
1663 788 1713 825 de
1734 786 1818 825 aliis
1840 793 1882 824 ut

298 867 426 903 supra,
448 854 540 892 ideo
560 853 681 892 nichil
701 855 751 892 de
772 853 826 892 eis
848 861 921 892 ete.

354 921 625 958 Presentatum
656 947 824 957 .....
858 919 967 968 quod
1013 918 1232 956 Willelmus
1281 917 1380 955 filius
1429 917 1584 955 Thome
1624 918 1674 956 de
1714 917 1883 963 Eketon,

297 984 513 1025 Willelmus
533 985 720 1022 Thumbe
740 983 832 1021 alibi
853 984 1077 1032 redemptus
1099 984 1149 1021 de
1169 983 1425 1029 Trollesdale,
1449 984 1629 1031 Rogerus
1659 983 1709 1020 de
1741 970 1883 1019 Hoton

296 1050 455 1087 fuerunt
476 1048 654 1087 consueti
670 1049 940 1086 malefactores
961 1049 1011 1086 de
1033 1047 1216 1086 omnibus
1245 1048 1334 1086 feris
1366 1047 1517 1085 domini
1551 1045 1672 1097 Regis
1702 1045 1743 1084 in
1778 1045 1885 1083 Haia

296 1114 482 1163 predicta,
505 1113 572 1163 qui
593 1127 673 1152 non
694 1120 884 1152 venerunt
914 1126 988 1151 nec
1009 1113 1113 1163 prius
1135 1121 1221 1162 etc,
1254 1121 1313 1152 set
1346 1113 1576 1159 Willelmus,
1598 1112 1816 1149 Willelmus
1847 1117 1884 1148 et

297 1181 478 1228 Rogerus
516 1185 678 1216 manent
716 1177 756 1215 in
789 1178 990 1217 Comitatu
1031 1178 1283 1226 Eboracensi,
1306 1179 1398 1217 ideo
1430 1185 1659 1228 preceptum
1695 1183 1753 1215 est
1783 1175 1884 1213 vice-

294 1243 431 1282 comiti
451 1251 522 1282 etc.
584 1245 633 1281 Et
655 1245 835 1292 Rogerus
856 1256 936 1281 non
958 1251 1016 1282 est
1049 1243 1231 1282 inventus
1262 1257 1335 1282 nec
1369 1244 1519 1294 aliquid
1549 1244 1669 1281 habet
1700 1249 1786 1288 etc.,
1809 1253 1884 1278 nec

295 1307 414 1346 scitur
433 1315 520 1355 etc.,
543 1320 616 1345 nec
636 1306 776 1356 aliquis
804 1313 891 1354 etc„
913 1306 1004 1345 ideo
1036 1307 1220 1357 exigatur,
1244 1315 1282 1347 et
1314 1309 1513 1358 predictus
1535 1308 1751 1346 Willelmus
1782 1305 1882 1343 filius

294 1374 451 1411 Thome
472 1373 522 1410 de
544 1373 704 1411 Oketon
726 1369 806 1423 [sic]
829 1378 887 1409 est
906 1372 1133 1421 redemptus
1153 1374 1261 1422 apud
1281 1374 1473 1424 Whiteby.

349 1440 619 1476 Presentatum
651 1465 818 1475 .....
852 1437 961 1486 quod
982 1437 1198 1475 Willelmus
1219 1439 1270 1476 de
1292 1439 1444 1488 Boyvill
1477 1446 1665 1485 mortuus,
1687 1439 1881 1476 Walterus

293 1504 344 1541 de
359 1503 557 1542 Grendale
573 1509 762 1548 mortuus,
780 1502 911 1539 Adam
933 1502 983 1540 de
1004 1503 1174 1551 Lythum
1196 1503 1369 1554 exigatus
1390 1512 1428 1543 et
1448 1504 1666 1542 Willelmus
1680 1505 1716 1541 le
1733 1503 1883 1540 Archer

293 1567 361 1617 qui
382 1573 626 1617 presentatus
648 1573 705 1604 est
725 1565 817 1604 alibi
838 1566 902 1605 die
923 1566 1032 1615 Jovis
1053 1568 1233 1616 proximo
1253 1577 1344 1607 ante
1367 1569 1620 1608 Dominicam
1657 1569 1880 1606 Palmarum

294 1645 400 1670 anno
421 1630 599 1681 predicto
635 1630 865 1669 occiderunt
897 1645 1015 1669 unam
1047 1632 1191 1670 hissam
1222 1640 1261 1671 et
1292 1641 1590 1683 asportaverunt
1623 1633 1883 1672 venacionem

291 1695 466 1746 Johanni
496 1695 705 1733 Mortimer
738 1696 788 1733 de
824 1697 994 1743 Eketon,
1019 1697 1326 1736 Constabulario
1357 1698 1485 1737 Castri
1514 1700 1565 1738 de
1594 1697 1879 1747 Scardeburgh‚

293 1762 361 1812 qui
381 1760 525 1799 mortui
547 1767 648 1807 sunt,
670 1760 763 1799 ideo
785 1761 835 1799 de
856 1761 912 1799 eis
933 1761 1065 1800 nichil.

348 1828 619 1864 Presentatum
650 1856 657 1864 .
690 1855 698 1863 .
731 1856 738 1864 .
771 1856 778 1864 .
813 1827 923 1875 quod
944 1826 1161 1866 Willelmus
1191 1829 1226 1866 16
1257 1830 1442 1877 Latymer
1471 1835 1582 1878 pater
1603 1835 1640 1866 et
1661 1828 1879 1865 Willelmus

291 1892 342 1930 de
365 1891 527 1941 BoyvilL
548 1891 751 1939 Johannes
784 1892 950 1940 Mygnot
983 1899 1159 1930 mortuus
1195 1899 1232 1931 et
1267 1894 1466 1931 Robertus
1500 1894 1549 1931 de
1587 1893 1791 1941 Hasthorp
1813 1891 1878 1929 die

293 1954 480 1994 Mercurii
502 1955 678 2005 proxime
700 1955 882 2004 sequenti
903 1963 1094 2005 ceperunt
1114 1957 1215 1995 duos
1237 1956 1431 2006 capriolos
1453 1957 1492 1995 in
1516 1957 1622 1995 Haia
1642 1956 1819 2007 predicta
1841 1961 1880 1994 et

347 2084 454 2134 John
475 2096 547 2121 son
568 2084 612 2121 of
627 2083 694 2120 the
714 2096 826 2121 reeve
848 2084 891 2120 of
908 2085 1066 2121 Seamer
1086 2097 1162 2121 was
1184 2096 1276 2122 seen
1291 2083 1331 2121 in
1352 2097 1547 2134 company
1568 2083 1657 2122 with
1687 2085 1878 2133 poachers

291 2151 351 2189 for
371 2151 438 2187 the
459 2161 628 2198 purpose
648 2149 692 2186 of
717 2148 922 2198 poaching.
981 2150 1011 2185 F
1015 2147 1108 2187 ined
1132 2156 1203 2188 10³.

350 2214 540 2252 Nicholas
561 2215 686 2251 Harel
706 2215 785 2252 and
799 2215 973 2252 Thomas
992 2216 1099 2262 Boye
1121 2213 1235 2265 (both
1249 2215 1459 2264 deceased)
1471 2215 1550 2253 and
1566 2213 1671 2264 eight
1687 2221 1880 2264 strangers

296 2293 349 2318 on
370 2280 435 2317 the
456 2280 552 2316 feast
569 2279 614 2316 of
639 2280 689 2316 St.
716 2279 892 2316 Thomas
921 2278 1042 2316 killed
1074 2285 1149 2316 two
1170 2280 1275 2317 harts
1296 2279 1335 2317 in
1369 2281 1436 2318 the
1457 2281 1574 2318 forest
1603 2287 1642 2317 at
1676 2280 1879 2328 Blackleys

294 2351 407 2394 gate3
436 2344 507 2380 but
526 2344 653 2380 where
673 2343 764 2391 they
784 2343 880 2380 took
901 2343 967 2381 the
987 2356 1100 2392 game
1119 2356 1172 2381 no
1193 2356 1269 2381 one
1290 2345 1434 2382 knows.
1495 2343 1674 2393 Nothing
1694 2344 1810 2381 done.

351 2407 519 2445 William
556 2421 627 2445 son
649 2409 693 2445 of
719 2408 896 2445 Thomas
929 2409 974 2445 of
1004 2409 1145 2457 Egton,
1168 2408 1337 2446 William
1372 2410 1534 2447 Thumb
1563 2410 1608 2447 of
1636 2409 1907 2456 Trollesdale⁴

300 2473 423 2523 (fined
444 2471 681 2522 elsewhere),
704 2473 782 2510 and
805 2473 937 2521 Roger
957 2473 1007 2510 de
1030 2473 1188 2510 Hutton
1209 2485 1309 2510 were
1337 2474 1591 2511 accustomed
1612 2480 1652 2511 to
1683 2474 1810 2522 poach
1840 2473 1880 2510 in

300 2538 441 2586 Scalby
462 2538 564 2586 Hay.
624 2538 757 2586 Roger
777 2535 808 2574 is
830 2543 901 2586 put
921 2536 961 2574 in
991 2535 1159 2585 exigent,
1182 2537 1261 2575 and
1283 2537 1451 2575 William
1473 2550 1545 2576 son
1567 2538 1612 2576 of
1635 2539 1811 2576 Thomas
1841 2538 1888 2576 of

300 2603 431 2651 Egton
451 2600 483 2639 is
504 2602 608 2640 fined
629 2609 668 2640 at
687 2601 857 2651 Whitby.

353 2666 521 2704 William
556 2667 606 2705 de
644 2667 796 2717 Boyvill
835 2666 1078 2718 (deceased),
1119 2668 1265 2705 Walter
1302 2668 1353 2706 de
1392 2668 1591 2707 Grendale
1633 2666 1878 2718 (deceased),

299 2732 428 2769 Adam
459 2732 510 2769 de
543 2732 784 2780 Upleatham
816 2731 902 2782 (put
930 2730 970 2768 in
1003 2731 1186 2781 exigent),
1217 2733 1297 2770 and
1330 2731 1500 2770 William
1529 2733 1596 2770 the
1629 2733 1780 2771 Archer
1809 2731 1882 2777 (in-

300 2795 432 2833 dicted
455 2793 691 2846 elsewhere),
714 2808 766 2833 on
786 2796 854 2833 the
874 2796 1080 2844 Thursday
1101 2796 1234 2834 before
1268 2797 1378 2833 Palm
1400 2797 1559 2846 Sunday
1579 2796 1699 2836 killed
1732 2811 1755 2835 a
1783 2798 1881 2837 hind

301 2861 379 2898 and
401 2859 550 2899 carried
571 2860 599 2898 it
619 2866 660 2898 to
681 2860 788 2909 John
819 2860 1027 2898 Mortimer
1057 2861 1103 2898 of
1133 2861 1275 2910 Egton,
1299 2861 1515 2899 Constable
1536 2862 1580 2900 of
1608 2863 1881 2913 Scarborough

302 2925 436 2963 Castle
458 2924 698 2975 (deceased).
758 2925 937 2975 Nothing
957 2926 1071 2963 done.

355 2988 522 3026 William
573 2990 610 3027 16
658 2988 842 3036 Latinier‚
892 2989 1032 3036 senior,
1072 2989 1241 3026 William
1283 2990 1333 3028 de
1373 2989 1536 3039 Boyvill,
1578 2991 1683 3039 John
1724 2991 1881 3041 Mignot

303 3052 541 3102 (deceased),
566 3055 643 3092 and
665 3055 816 3092 Robert
831 3055 880 3092 de
904 3054 1117 3103 Hasthorp,
1137 3067 1189 3091 on
1210 3042 1276 3092 the
1298 3054 1493 3103 following
1513 3056 1762 3105 Wednesday
1783 3058 1877 3094 took
