2044 3491
253 199 331 232 112
615 200 791 234 DUCHY
822 200 884 233 OF
916 201 1209 233 LANCASTER
1241 200 1478 233 RECORDS.

247 300 333 340 sine
370 300 662 352 interrupcione
699 302 924 340 habuerunt
971 301 1194 340 housebote
1233 307 1275 340 et
1310 300 1472 339 haibote
1519 306 1557 338 et
1604 298 1844 339 racionabile

247 365 485 404 estoverium
505 367 556 405 de
577 366 698 405 turbis
728 380 799 416 pro
819 381 872 415 se,
896 367 1125 406 hominibus
1156 374 1195 406 et
1214 366 1441 406 tenentibus
1474 365 1554 404 suis
1587 365 1774 416 predictis
1802 365 1844 404 in

246 429 376 469 boscis
397 438 435 470 et
456 430 665 470 dominicis
686 431 765 471 suis
787 433 838 471 de
858 422 1089 480 Levesham,
1112 439 1150 471 et
1171 431 1346 471 similiter
1367 432 1588 470 habuerunt
1609 432 1784 480 forgeam
1803 437 1843 469 et

246 493 438 533 mineram
458 495 547 534 ferri
580 495 621 534 in
655 496 785 535 boscis
821 496 901 535 suis
936 498 987 536 de
1022 497 1244 535 Levesham
1279 510 1351 546 pro
1385 495 1544 535 redditu
1582 495 1772 545 predicto,
1804 502 1843 534 et

246 567 436 609 ceperunt
473 560 637 599 cablicia
675 569 714 600 et
753 562 901 600 siccum
942 563 1108 600 boscum
1147 560 1188 599 in
1226 561 1374 600 eisdem
1424 574 1496 611 pro
1544 559 1840 599 sustentacione

247 625 437 674 ejusdem,
453 632 492 664 et
512 625 688 666 similiter
702 627 924 665 habuerunt
945 639 1076 666 aereas
1097 627 1310 674 falconum,
1331 624 1426 677 [300
1438 624 1480 677 b]
1496 624 1782 664 merlenionum
1803 632 1842 664 et

248 689 557 738 espervariorum
605 698 643 729 et
689 692 767 730 mel
815 692 926 741 quod
955 690 1158 729 inventum
1189 690 1302 729 fuerit
1331 691 1372 729 in
1402 691 1532 730 boscis
1572 690 1771 740 predictis,
1803 697 1842 729 et

246 753 423 793 similiter
437 756 733 795 wodewardum.
793 758 893 795 Ideo
909 756 1201 795 consideratum
1219 763 1279 794 est
1294 757 1404 805 quod
1421 755 1620 806 predictus
1638 756 1841 805 Johannes

247 819 298 857 de
337 820 466 858 Melsa
505 833 642 859 omnes
680 821 879 860 libertates
913 834 1000 860 suas
1033 820 1073 859 in
1108 821 1249 859 clamio
1281 834 1352 859 suo
1386 828 1593 859 contentas
1623 821 1768 858 habeat
1802 826 1841 859 et

247 885 418 934 gaudeat
437 885 741 935 imperpetuum,
763 887 871 925 salvo
892 899 1047 936 semper
1064 887 1150 935 jure
1171 893 1243 925 etc.

300 950 540 999 Radulphus
578 951 629 989 de
663 952 847 1000 Hastyng
881 952 1024 989 clamat
1057 950 1097 988 in
1133 963 1244 989 mora
1277 963 1349 988 sua
1380 950 1430 988 de
1451 950 1661 988 Alverstan
1699 960 1841 998 capere

245 1013 425 1052 brueram
455 1011 527 1066 [et]
558 1014 754 1064 feugeram
785 1022 823 1054 et
843 1015 979 1053 fodere
999 1015 1132 1053 turbas
1163 1013 1204 1052 in
1236 1015 1375 1052 eadem
1411 1026 1519 1052 mora
1554 1021 1593 1052 et
1627 1020 1837 1062 asportare,

245 1077 400 1124 cariare,
433 1079 525 1116 dare
560 1085 598 1116 et
628 1080 800 1118 vendere
833 1093 905 1129 pro
939 1080 1142 1118 voluntate
1177 1092 1246 1117 sua
1263 1093 1274 1127 3
1302 1080 1445 1117 clamat
1476 1078 1602 1118 eciam
1629 1078 1669 1116 in
1699 1079 1839 1117 eadem

247 1155 357 1181 mora
376 1143 465 1181 loco
487 1143 554 1192 qui
575 1142 717 1182 dicitur
737 1145 1002 1183 Arnaldestan
1024 1151 1251 1182 construere
1281 1143 1474 1182 bercarias
1496 1151 1534 1182 et
1554 1156 1620 1182 eas
1641 1144 1788 1181 habere
1801 1149 1841 1181 et

245 1215 380 1246 tenere
401 1214 439 1246 et
459 1208 546 1247 aliis
567 1208 888 1260 quibuscumque
909 1209 1106 1248 dimittere
1126 1221 1197 1259 pro
1218 1209 1419 1247 voluntate
1451 1222 1522 1247 sua
1535 1223 1545 1257 3
1575 1215 1614 1247 et
1643 1208 1768 1247 eciam
1798 1207 1839 1246 in

246 1271 375 1311 boscis
396 1272 475 1310 suis
505 1273 556 1312 de
585 1275 807 1321 Alverstan,
829 1274 978 1313 scilicet
1013 1273 1053 1312 in
1086 1274 1287 1323 Crostclyf
1310 1280 1348 1312 et
1369 1274 1581 1323 Stayndale
1602 1286 1742 1323 capere
1770 1285 1840 1322 per

244 1335 407 1375 assisam
430 1338 573 1376 foreste
593 1337 761 1377 viridum
782 1352 852 1389 pro
873 1339 1093 1376 housebote
1114 1345 1152 1377 et
1173 1338 1334 1376 haibote
1355 1346 1392 1377 et
1414 1338 1561 1377 siccum
1591 1339 1757 1377 boscum
1787 1339 1840 1377 ad

244 1401 471 1440 faciendum
492 1401 586 1442 inde
601 1405 820 1453 proficuum
841 1417 955 1442 suum
977 1403 1061 1442 sine
1081 1403 1166 1441 visu
1186 1404 1248 1441 vel
1267 1403 1507 1442 liberacione
1537 1417 1607 1454 pro
1637 1404 1839 1443 voluntate

244 1480 315 1506 sua
331 1482 342 1517 3
372 1475 409 1507 et
430 1468 557 1507 eciam
577 1469 618 1507 in
638 1472 669 1508 F
672 1472 863 1521 armanby
882 1471 1083 1520 quendam
1104 1469 1295 1508 boscum*
1330 1468 1398 1518 qui
1429 1476 1592 1507 vocatur
1624 1470 1837 1518 Langowe-

243 1534 343 1579 dale,
377 1532 559 1572 videlicet
579 1535 630 1573 de
651 1536 781 1574 Howe
812 1536 862 1574 de
894 1535 1180 1584 Langowedale
1213 1547 1347 1573 versus
1368 1533 1560 1572 orientem
1582 1541 1706 1572 totam
1731 1533 1837 1572 illam

242 1604 406 1647 partem,
431 1598 617 1638 videlicet
637 1599 807 1638 viridum
829 1612 898 1649 per
918 1599 1080 1637 assisam
1101 1599 1243 1637 foreste
1264 1612 1335 1648 pro
1364 1599 1584 1637 housebote
1618 1606 1656 1637 et
1677 1598 1837 1637 haibote

244 1662 395 1700 siccum
417 1676 569 1713 capere,
591 1665 774 1712 vendere,
797 1665 890 1702 dare
911 1671 950 1702 et
971 1663 1136 1702 omnino
1156 1662 1250 1701 inde
1269 1664 1514 1701 voluntatem
1544 1676 1655 1701 suam
1684 1664 1812 1702 facere
1824 1678 1836 1712 3

244 1734 282 1766 et
303 1727 428 1766 eciam
449 1729 745 1767 communicare
765 1743 856 1767 cum
878 1728 1003 1778 capris
1025 1727 1065 1765 in
1093 1727 1277 1766 omnibus
1299 1727 1428 1769 boscis
1449 1734 1488 1766 et
1509 1727 1627 1766 moris
1648 1727 1835 1777 predictis

243 1798 324 1830 tam
354 1793 405 1831 de
422 1794 630 1832 Alverstan
651 1807 769 1844 quam
797 1795 848 1832 de
877 1793 1110 1842 Farmanby,
1134 1791 1317 1830 omnibus
1348 1792 1593 1842 temporibus
1626 1792 1721 1831 anni
1751 1793 1835 1832 sine

242 1857 452 1897 occasione
471 1860 532 1897 vel
552 1859 778 1909 calumpnia
798 1858 1029 1897 ballivorum
1051 1859 1112 1896 vel
1132 1856 1422 1895 forestariorum
1438 1872 1448 1906 3
1480 1865 1518 1896 et
1548 1857 1672 1896 eciam
1701 1858 1835 1908 fugare

241 1922 293 1960 ad
313 1924 448 1974 vulpes
469 1931 506 1963 et
526 1925 679 1974 lepores
700 1925 798 1962 infra
811 1925 866 1962 les
887 1921 1128 1965 Acredikes†
1160 1922 1210 1960 de
1232 1923 1439 1960 Alverstan
1461 1929 1500 1960 et
1520 1923 1766 1972 Farmanby3
1795 1929 1835 1962 et

240 2082 442 2114 ancestors
481 2076 580 2113 from
624 2074 782 2113 ancient
820 2073 926 2119 time,
962 2073 1030 2111 the
1069 2071 1291 2109 housebote
1329 2070 1409 2108 and
1449 2070 1677 2120 hedgebote
1715 2071 1836 2122 being

240 2147 504 2190 appurtenant
536 2146 577 2178 to
608 2138 668 2177 his
702 2140 783 2177 free
814 2143 1017 2176 tenement
1043 2134 1084 2173 in
1120 2134 1331 2173 Levisham
1354 2135 1435 2173 and
1456 2135 1733 2174 brouse-wood
1753 2137 1834 2175 and

240 2206 312 2254 dry
341 2205 456 2243 wood
490 2203 608 2253 being
639 2204 758 2242 taken
789 2210 830 2241 to
861 2203 951 2240 seed
976 2200 1035 2239 his
1067 2201 1257 2238 furnaces.
1317 2201 1383 2236 An
1414 2198 1568 2249 inquiry
1589 2199 1620 2237 is
1642 2199 1832 2249 directed,

240 2268 321 2305 and
350 2266 378 2304 it
399 2266 429 2304 is
457 2266 581 2303 found
602 2266 685 2303 that
706 2264 765 2303 Sir
784 2265 890 2314 John
911 2265 989 2302 and
1011 2262 1070 2300 his
1091 2270 1293 2302 ancestors
1313 2264 1415 2301 have
1435 2265 1535 2302 from
1556 2263 1716 2304 ancient
1737 2264 1833 2305 time

241 2330 412 2380 enjoyed
445 2330 512 2368 the
550 2328 672 2379 rights
710 2342 754 2367 so
789 2328 957 2367 claimed
987 2326 1152 2366 without
1191 2326 1464 2376 interruption.
1538 2328 1758 2379 Judgment
1797 2329 1829 2369 is

241 2394 357 2444 given
377 2393 418 2432 in
438 2394 687 2431 accordance
706 2392 798 2431 with
818 2393 885 2431 the
906 2391 1066 2430 verdict.

295 2458 356 2497 Sir
385 2458 518 2507 Ralph
549 2457 740 2507 Hastings
765 2456 901 2495 claims
927 2457 994 2494 the
1014 2455 1115 2506 right
1135 2457 1179 2495 of
1204 2455 1339 2506 taking
1357 2457 1521 2495 heather
1542 2459 1622 2497 and
1643 2458 1828 2508 bracken,

241 2524 321 2562 and
367 2521 519 2572 cutting
563 2528 693 2561 turves
742 2534 794 2560 on
825 2522 1025 2559 Allerston
1058 2522 1188 2568 Moor,
1212 2522 1293 2559 and
1324 2521 1501 2572 carrying
1547 2523 1657 2561 them
1709 2537 1829 2574 away,

240 2586 370 2637 giving
403 2587 484 2624 and
515 2586 655 2635 selling
690 2586 798 2624 them
838 2592 877 2623 at
914 2587 1119 2635 pleasure3
1148 2586 1199 2624 he
1237 2586 1321 2624 also
1362 2587 1498 2624 claims
1538 2588 1605 2626 the
1644 2587 1745 2637 right
1784 2589 1830 2627 of

238 2651 412 2700 erecting
440 2651 666 2700 sheepfolds
686 2657 726 2688 at
745 2663 768 2688 a
787 2651 901 2699 place
921 2662 974 2688 on
995 2650 1061 2688 the
1081 2663 1188 2689 same
1208 2664 1321 2689 moor
1341 2652 1470 2690 called
1490 2652 1676 2690 Arnold’s
1697 2660 1823 2700 stone,

238 2716 284 2755 of
297 2714 519 2764 occupying
539 2716 646 2753 them
668 2714 831 2752 himself
851 2715 930 2752 and
957 2714 1106 2764 leasing
1126 2715 1234 2753 them
1255 2723 1296 2753 to
1317 2715 1449 2753 others
1465 2730 1476 2764 3
1505 2716 1556 2754 he
1576 2717 1660 2755 also
1689 2717 1826 2756 claims

285 2821 300 2837 *
327 2820 400 2852 The
416 2830 581 2861 grammar
596 2819 674 2851 here
691 2819 717 2851 is
733 2819 914 2851 somewhat
931 2819 1050 2852 mixed.

282 2871 303 2906 †
323 2872 431 2903 There
447 2871 474 2903 is
490 2882 597 2912 avery
614 2871 671 2903 full
687 2875 765 2903 note
780 2871 823 2912 by
840 2871 958 2903 Canon
975 2872 1142 2904 Atkinson
1160 2884 1203 2906 on
1221 2874 1285 2908 this
1301 2878 1392 2908 word
1409 2877 1443 2909 in
1460 2877 1516 2910 the
1533 2879 1665 2911 Surtees
1683 2879 1826 2922 Society,

239 2923 317 2954 Vol.
335 2923 498 2961 LXXII.‚
517 2934 550 2964 p.
571 2923 644 2962 426.
693 2922 821 2954 Within
838 2922 894 2954 the
907 2922 1089 2955 Acredikes
1105 2935 1172 2957 was
1195 2928 1380 2969 comprised
1398 2929 1454 2961 the
1476 2931 1590 2961 arable
1612 2930 1688 2962 land
1718 2931 1756 2962 of
1774 2932 1829 2964 the

238 2974 414 3016 township,
433 2974 543 3006 which
575 2975 680 3016 might
696 2975 738 3006 be
756 2984 909 3006 common
936 2984 983 3013 or,
1003 2985 1038 3006 as
1054 2986 1121 3008 was
1137 2977 1193 3009 the
1220 2989 1294 3011 case
1318 2979 1350 3012 in
1375 2980 1430 3012 the
1447 2991 1584 3022 passage
1611 2982 1753 3014 referred
1781 2987 1827 3022 to,

239 3024 318 3057 held
335 3025 368 3057 in
385 3026 557 3066 severalty.
