2044 3491
311 218 368 259 26
679 227 855 261 DUCHY
886 227 948 260 OF
981 226 1272 260 LANCASTER
1305 227 1542 260 RECORDS.

310 333 443 366 torum
463 339 542 377 que
563 328 719 366 fuerunt
739 326 862 377 ipsius
882 325 1067 365 Willelmi
1087 325 1346 376 respondebit
1367 326 1418 365 de
1439 324 1571 376 precio
1593 323 1708 364 viridi
1737 322 1906 375 predicti

311 399 351 432 et
369 405 442 442 pro
462 391 709 431 forisfactura
729 393 910 442 ejusdem
931 391 986 441 ijs,

367 457 471 496 Item
491 462 719 506 presentant
748 457 858 506 quod
878 456 1097 495 Willelmus
1127 456 1178 495 de
1208 456 1392 506 Dogelby
1412 454 1480 506 qui
1509 455 1608 494 obiit
1628 453 1735 504 cepit
1753 453 1904 493 ibidem

312 519 414 559 infra
442 520 691 560 dominicum
720 534 843 559 unam
872 533 1064 571 quercum
1085 520 1251 559 viridem
1281 520 1403 571 precii
1430 519 1478 570 jd,
1501 521 1608 559 unde
1628 520 1847 558 Willelmus
1867 519 1906 558 le

314 587 461 625 Barker
494 587 545 625 de
579 586 777 636 Dolgelby
808 592 949 624 tenens
982 592 1174 624 terrarum
1208 592 1247 624 et
1281 592 1599 624 tenementorum
1633 597 1711 635 que
1749 585 1906 622 fuerunt

314 649 437 700 ipsius
465 650 652 689 Willelmi
671 650 930 701 respondebit
951 651 1002 690 de
1022 649 1157 700 precio
1178 649 1292 689 viridi
1315 649 1482 700 predicti
1503 657 1541 688 et
1560 662 1631 700 pro
1661 648 1906 688 forisfactura

312 715 493 765 ejusdem
513 712 596 764 xijd.

369 781 474 819 Item
493 786 720 830 presentant
739 780 851 830 quod
870 780 1048 818 Thomas
1069 780 1135 819 del
1163 780 1384 818 Hunthous
1405 778 1474 830 qui
1494 778 1592 818 obiit
1611 777 1716 829 cepit
1736 778 1777 816 in
1798 777 1906 816 Haia

314 845 366 884 de
387 844 573 895 Pikering
599 846 638 883 xl
657 844 801 884 virides
831 846 1043 895 querculos
1072 843 1195 894 precii
1214 845 1268 894 ij
1284 843 1332 894 jd,
1355 846 1464 884 unde
1493 844 1714 883 Nicholaus
1743 842 1845 881 filius
1866 849 1907 881 et

315 909 428 948 heres
461 908 585 959 ipsius
616 910 774 948 Thome
807 916 948 948 tenens
983 916 1171 948 terrarum
1206 916 1245 947 et
1275 916 1596 947 tenementorum
1631 921 1710 959 que
1747 908 1906 946 suerunt

314 972 437 1023 ipsius
456 974 614 1012 Thome
633 972 891 1023 respondebit
912 974 964 1013 de
992 973 1127 1024 precio
1147 972 1262 1013 viridi
1290 973 1457 1023 predicti
1486 980 1525 1012 et
1553 986 1624 1024 pro
1662 971 1905 1011 forisfactura

317 1038 495 1088 ejusdem
514 1037 554 1087 iij
576 1037 614 1076 li.
637 1037 730 1087 xiijs.

371 1099 513 1154 [264b]
544 1103 648 1141 Item
676 1108 904 1152 presentant
933 1103 1042 1153 quod
1071 1101 1266 1141 Ricardus
1295 1108 1375 1141 atte
1405 1102 1555 1152 Uphall
1584 1100 1653 1152 qui
1681 1100 1780 1140 obiit
1800 1100 1906 1150 cepit

317 1166 467 1206 ibidem
488 1174 596 1206 extra
626 1166 872 1206 dominicum
913 1180 1033 1206 unam
1063 1166 1230 1206 viridem
1259 1179 1451 1217 quercum
1485 1167 1637 1217 absque
1667 1165 1908 1205 liberacione

318 1230 609 1270 forestariorum
640 1231 721 1270 sive
741 1239 925 1279 waranto,
955 1231 1048 1271 ideo
1082 1231 1166 1282 ipse
1199 1231 1240 1269 in
1274 1230 1551 1278 misericordia,
1574 1232 1681 1270 unde
1711 1230 1907 1268 Ricardus

317 1295 384 1334 del
404 1296 554 1344 Uphall
574 1303 712 1335 tenens
733 1303 921 1335 terrarum
943 1304 980 1335 et
997 1303 1314 1335 tenementorum
1335 1308 1413 1346 que
1434 1297 1588 1335 fuerunt
1604 1295 1726 1346 ipsius
1744 1293 1907 1334 Ricardi

319 1367 401 1399 atte
422 1361 573 1410 Uphall
591 1361 860 1411 respondebit.

373 1425 477 1464 Item
509 1433 738 1475 presentant
771 1426 880 1476 quod
915 1427 1053 1464 Petrus
1088 1426 1245 1464 Walnot
1279 1424 1347 1475 qui
1378 1424 1476 1464 obiit
1511 1425 1615 1475 cepit
1652 1425 1905 1463 ramunculos

317 1502 533 1540 quercuum
572 1497 680 1530 extra
717 1490 964 1530 dominicum
1012 1492 1164 1541 absque
1210 1490 1452 1529 liberacione
1492 1489 1785 1529 forestariorum
1825 1488 1907 1529 sive

318 1561 500 1603 waranto,
523 1554 615 1594 ideo
645 1555 729 1605 ipse
763 1555 804 1593 in
837 1554 1117 1602 misericordia,
1139 1555 1247 1593 unde
1277 1555 1505 1593 Alexander
1534 1555 1585 1593 de
1616 1554 1745 1604 Bergh
1766 1561 1908 1593 tenens

318 1624 506 1658 terrarum
526 1632 606 1669 que
634 1620 791 1658 fuerunt
821 1619 1012 1659 Bernardi
1041 1621 1092 1658 de
1121 1620 1249 1670 Bergh
1280 1633 1406 1670 nuper
1434 1618 1551 1658 unius
1571 1619 1846 1658 viridariorum
1869 1625 1908 1658 et

317 1684 643 1734 manucaptoris*
673 1684 796 1735 ipsius
828 1684 933 1723 Petri
967 1693 1005 1724 et
1026 1684 1244 1723 Willelmus
1277 1686 1463 1735 Latymer
1491 1691 1631 1723 tenens
1660 1691 1849 1722 terrarum
1869 1689 1909 1722 et

318 1755 638 1787 tenementorum
659 1762 738 1800 que
757 1750 914 1788 fuerunt
934 1749 1100 1788 Roberti
1120 1750 1185 1788 del
1206 1749 1291 1789 Clif
1306 1762 1432 1799 nuper
1451 1749 1611 1789 alterius
1632 1748 1908 1788 viridariorum

319 1820 359 1853 et
378 1813 670 1863 manucaptoris
691 1815 870 1864 ejusdem
892 1813 997 1853 Petri
1016 1815 1327 1865 respondebunt.

373 1879 478 1917 Item
498 1885 726 1928 presentant
755 1879 864 1929 quod
893 1880 1069 1918 Thomas
1100 1880 1245 1928 Colyer
1273 1877 1341 1928 qui
1373 1878 1471 1917 obiit
1500 1878 1606 1929 cepit
1623 1878 1774 1918 ibidem
1802 1885 1910 1918 extra

373 2003 544 2042 William
583 2005 634 2043 de
665 2005 884 2055 Duggleby,
917 2006 1124 2053 deceased,
1146 2006 1243 2043 took
1274 2007 1384 2045 there
1418 2006 1552 2045 within
1587 2007 1654 2045 the
1675 2008 1864 2046 demesne
1884 2021 1909 2046 a

318 2081 438 2119 green
468 2069 558 2117 oak‚
577 2070 690 2108 value
714 2068 765 2108 1⁶.
823 2069 1005 2117 William,
1029 2071 1096 2109 the
1124 2077 1265 2109 tanner
1284 2072 1329 2110 of
1354 2072 1573 2121 Duggleby,
1596 2070 1657 2110 his
1691 2084 1905 2120 successor,

319 2131 353 2172 is
373 2133 628 2183 responsible.
688 2133 787 2173 Fine
811 2141 856 2173 1⁵.

371 2198 549 2237 Thomas
583 2199 650 2237 del
684 2200 802 2237 Hunt
836 2200 990 2246 House,
1013 2199 1219 2246 deceased,
1242 2200 1339 2238 took
1372 2198 1413 2238 in
1448 2198 1658 2250 Pickering
1693 2202 1787 2250 Hay
1807 2202 1908 2251 forty

320 2274 441 2312 green
460 2263 537 2300 oak
557 2262 742 2312 saplings,
763 2264 878 2301 value
900 2265 938 2301 6S
962 2261 1011 2301 1⁶.
1073 2262 1151 2301 His
1171 2276 1386 2311 successor,
1409 2263 1612 2311 Nicholas,
1634 2263 1694 2303 his
1724 2277 1798 2304 son
1827 2265 1907 2305 and

320 2325 417 2373 heir,
439 2325 472 2364 is
491 2326 747 2375 responsible.
807 2326 905 2366 Fine
925 2326 975 2376 A
979 2340 1000 2376 3
1027 2333 1089 2376 13S
1109 2325 1163 2365 od.

377 2389 556 2428 Richard
588 2397 670 2429 atte
704 2391 866 2440 Uphall,
898 2392 1106 2440 deceased,
1129 2391 1225 2430 took
1254 2391 1364 2430 there
1397 2391 1559 2431 without
1587 2392 1654 2432 the
1674 2393 1865 2433 demesne
1883 2407 1908 2433 a

320 2466 441 2504 green
470 2455 548 2493 oak
568 2454 731 2493 without
760 2455 878 2505 livery
899 2456 943 2494 of
968 2456 1035 2494 the
1065 2456 1246 2495 foresters
1276 2468 1321 2494 or
1348 2462 1523 2495 warrant.
1584 2455 1662 2495 His
1691 2469 1906 2505 successor,

320 2514 501 2555 Richard
521 2517 586 2555 del
606 2518 768 2567 Uphall,
791 2517 823 2556 is
843 2518 1100 2567 responsible.

379 2582 497 2619 Peter
515 2581 685 2629 Walnut,
707 2582 915 2629 deceased,
937 2584 1033 2622 took
1053 2596 1164 2623 some
1193 2585 1307 2623 small
1336 2585 1413 2624 oak
1441 2585 1635 2625 branches
1654 2585 1817 2626 without
1839 2588 1907 2627 the

321 2644 512 2684 demesne
545 2645 708 2685 without
741 2646 862 2697 livery
897 2648 942 2686 of
977 2648 1044 2686 the
1078 2649 1262 2688 foresters
1292 2662 1337 2688 or
1365 2657 1540 2689 warrant.
1598 2651 1825 2690 Alexander
1855 2653 1907 2692 de

321 2709 463 2758 Bergh,
482 2721 687 2748 successor
706 2716 748 2748 to
770 2711 947 2749 Bernard
968 2711 1018 2750 de
1039 2712 1180 2762 Bergh,
1198 2715 1279 2753 and
1298 2713 1470 2753 William
1491 2716 1684 2764 Latymer,
1703 2728 1907 2756 successor

319 2779 361 2812 to
382 2773 536 2812 Robert
555 2774 621 2812 del
641 2774 769 2822 Cliffe,
791 2775 869 2813 late
888 2776 1091 2814 verderers
1110 2778 1190 2816 and
1212 2777 1291 2816 bail
1309 2778 1369 2816 for
1388 2779 1515 2826 Peter,
1537 2791 1602 2817 are
1621 2779 1877 2830 responsible.

372 2838 549 2877 Thomas
569 2839 739 2889 Collyer,
761 2840 967 2887 deceased,
990 2841 1086 2879 took
1117 2842 1227 2881 there
1247 2841 1409 2881 without
1429 2843 1497 2881 the
1517 2843 1707 2883 demesne
1735 2857 1758 2883 a
1786 2857 1904 2895 green

366 2941 380 2956 ‘
408 2942 628 2984 Manucaptor
655 2946 801 2985 presents
817 2953 908 2975 some
925 2943 1094 2986 difficulty.
1143 2944 1351 2987 Apparently
1367 2945 1432 2977 this
1454 2945 1602 2978 offender
1624 2947 1689 2978 and
1712 2947 1822 2979 others
1839 2947 1905 2980 had

319 2989 403 3072 geezi
421 2992 553 3033 already
571 2993 669 3034 fined,
689 2994 753 3026 and
778 2994 833 3027 the
851 2994 1017 3027 verderers
1034 3005 1070 3027 or
1088 2995 1171 3027 their
1195 3006 1375 3029 successors
1399 3007 1453 3030 are
1469 2998 1575 3031 called
1593 3002 1627 3031 to
1643 3009 1770 3031 answer
1785 2999 1834 3031 for
1850 2999 1906 3032 the

345 3051 410 3074 nes.
