2044 3491
766 266 1000 300 COUCHER
1034 266 1179 300 BOOK.
1720 273 1773 315 27

178 366 424 407 dominicum
454 379 574 405 unam
603 365 768 404 viridem
804 378 996 416 quercum
1025 366 1177 416 absque
1211 365 1451 406 liberacione
1479 368 1771 409 forestariorum

179 431 261 470 sive
296 439 476 478 waranto‚
501 431 607 470 unde
637 429 756 469 iidem
790 437 971 469 tenentes
1001 431 1220 469 eorundem
1250 430 1523 471 viridariorum
1557 435 1768 484 responde-

180 497 293 534 bunt.

234 561 336 598 Item
357 566 585 609 presentant
606 560 716 609 quod
738 560 937 597 Robertus
958 560 1046 597 Tan
1076 559 1127 598 de
1158 560 1365 598 Ellerburn
1400 559 1467 611 qui
1488 561 1585 600 obiit
1605 563 1710 613 cepit
1730 562 1771 602 in

181 624 289 663 Haia
311 625 361 663 de
382 625 525 674 Scalby
545 623 610 673 viij
634 623 777 662 virides
798 636 968 674 quercus
989 623 1089 661 infra
1117 623 1364 663 dominicum
1395 625 1516 675 precii
1542 625 1642 676 viijd,
1664 629 1773 667 unde

179 688 301 728 iidem
331 696 510 727 tenentes
540 689 758 727 eorundem
787 688 1060 727 viridariorum
1090 689 1388 739 respondebunt
1422 691 1473 729 de
1501 691 1637 741 precio
1657 692 1772 732 viridi

180 753 346 804 predicti
366 761 404 792 et
425 766 494 803 pro
515 753 761 791 forisfactura
782 754 962 802 ejusdem
983 753 1077 802 viij⁵.

235 819 337 857 Item
359 824 588 867 presentant
608 818 719 868 quod
738 818 930 857 Austinus
945 820 1064 858 Crote
1085 817 1153 868 qui
1167 817 1264 856 obiit
1284 818 1388 868 cepit
1408 817 1506 857 infra
1521 819 1769 859 dominicum

179 895 246 922 sex
280 882 423 921 virides
455 895 621 932 quercus
652 881 773 932 precii
806 881 876 932 vjd,
910 884 1018 921 unde
1049 881 1170 920 iidem
1206 890 1387 921 tenentes
1427 885 1647 922 eorundum
1682 885 1770 924 viri-

180 947 379 987 dariorum
411 948 711 997 respondebunt
745 947 796 986 de
828 946 962 997 precio
997 946 1111 986 viridi
1144 946 1310 996 predicti
1342 954 1380 986 et
1415 960 1486 997 pro
1524 948 1770 988 forisfactura

180 1012 360 1062 ejusdem
381 1013 445 1061 ij.

235 1078 339 1115 Item
375 1082 603 1126 presentant
643 1076 752 1126 quod
791 1075 1010 1115 Willelmus
1049 1075 1151 1114 filius
1190 1075 1380 1115 Beatricis
1421 1076 1489 1127 qui
1529 1077 1628 1116 obiit
1666 1078 1772 1129 cepit

180 1139 329 1179 ibidem
364 1141 400 1189 vj
437 1139 580 1178 virides
612 1153 780 1190 quercus
815 1141 914 1180 infra
952 1140 1199 1180 dominicum
1238 1140 1359 1190 precii
1393 1139 1464 1190 vjd‚
1501 1143 1609 1181 unde
1648 1142 1770 1182 iidem

179 1212 360 1244 tenentes
380 1205 598 1244 eorundem
618 1204 890 1244 viridariorum
911 1206 1209 1255 respondebunt
1230 1206 1281 1244 de
1310 1205 1445 1255 precio
1465 1205 1581 1245 viridi
1602 1207 1771 1257 predicti

182 1277 221 1309 et
241 1283 312 1320 pro
333 1269 579 1308 forisfactura
598 1270 776 1319 ejusdem
797 1271 861 1319 ij.

236 1336 338 1373 Item
360 1341 586 1384 presentant
607 1334 716 1383 quod
739 1335 826 1372 Stut
846 1335 896 1373 de
918 1334 1125 1373 Ellerburn
1147 1334 1216 1385 qui
1237 1333 1336 1373 obiit
1365 1334 1470 1385 cepit
1491 1334 1640 1375 ibidem
1663 1343 1771 1376 extra

181 1398 424 1438 dominicum
458 1411 578 1436 unam
608 1397 771 1437 viridem
804 1412 992 1449 quercum
1022 1400 1173 1449 absque
1201 1398 1442 1438 liberacione
1479 1400 1771 1441 forestariorum

183 1462 264 1502 sive
284 1469 467 1509 warranto,
489 1462 582 1501 ideo
602 1462 685 1512 ipse
705 1461 746 1500 in
766 1462 1045 1511 misericordia,
1068 1465 1175 1503 unde
1194 1463 1316 1503 iidem
1346 1471 1528 1504 tenentes
1550 1467 1770 1505 eorundem

179 1527 451 1567 viridariorum
471 1528 779 1577 respondebunt.

235 1594 339 1631 Item
373 1598 601 1642 presentant
635 1592 746 1641 quod
776 1591 967 1630 Austinus
999 1592 1222 1642 prepositus
1252 1593 1320 1643 qui
1350 1593 1449 1632 obiit
1483 1594 1588 1645 cepit
1621 1594 1771 1636 ibidem

180 1657 278 1696 infra
299 1657 544 1696 dominicum
566 1669 686 1695 unam
706 1655 871 1695 viridem
894 1669 1083 1706 quercum
1112 1657 1234 1707 precii
1251 1656 1300 1707 jd,
1323 1659 1430 1697 unde
1449 1658 1569 1698 iidem
1592 1667 1772 1700 tenentes

180 1723 394 1761 eorundem
417 1720 687 1760 viridariorum
717 1721 1016 1771 respondebunt
1047 1722 1099 1760 de
1131 1722 1264 1772 precio
1294 1722 1407 1762 viridi
1437 1723 1603 1774 predicti
1632 1733 1671 1764 et
1699 1739 1772 1776 pro

180 1786 423 1826 forisfactura
442 1787 621 1836 ejusdem
642 1784 725 1836 xijd.

235 1854 338 1892 Item
369 1859 596 1902 presentant
617 1852 727 1901 quod
757 1851 981 1901 Stephanus
1011 1851 1114 1890 filius
1135 1851 1253 1890 Alani
1282 1852 1349 1902 qui
1377 1852 1475 1891 obiit
1496 1854 1602 1904 cepit
1621 1854 1771 1895 ibidem

179 1925 286 1957 extra
306 1916 550 1956 dominicum
571 1930 690 1955 unam
711 1916 875 1955 viridem
897 1929 1087 1966 quercum
1109 1915 1193 1954 sine
1219 1915 1458 1956 liberacione
1478 1918 1771 1958 forestariorum

181 2086 259 2124 oak
292 2085 457 2123 without
491 2083 611 2132 livery
642 2083 687 2121 of
712 2082 779 2121 the
813 2083 996 2121 foresters
1030 2095 1075 2121 or
1107 2089 1283 2121 warrant.
1342 2084 1432 2122 The
1465 2097 1573 2123 same
1607 2098 1771 2135 persons

180 2148 435 2198 responsible.

235 2213 388 2252 Robert
417 2213 516 2258 Tan,
538 2211 584 2249 of
608 2209 827 2257 Ellerburn,
850 2208 1057 2255 deceased,
1088 2207 1185 2246 took
1218 2206 1325 2258 eight
1355 2221 1475 2258 green
1510 2209 1607 2247 oaks
1637 2209 1771 2249 within

181 2277 249 2316 the
269 2277 457 2316 demesne
476 2274 518 2313 in
537 2275 679 2325 Scalby
700 2276 803 2325 Hay,
826 2275 940 2313 value
961 2271 1015 2311 Sd.
1074 2272 1163 2311 The
1192 2284 1301 2311 same
1327 2285 1492 2323 persons
1512 2274 1767 2325 responsible.

181 2340 282 2380 Fine
303 2343 351 2379 8⁵.

234 2403 377 2444 Austin
398 2405 531 2451 Crote,
552 2402 760 2450 deceased,
782 2402 878 2442 took
911 2399 1046 2441 within
1080 2401 1148 2440 the
1182 2401 1374 2441 demesne
1408 2400 1467 2441 six
1499 2415 1622 2453 green
1658 2404 1768 2453 oaks,

181 2470 296 2509 value
318 2467 372 2508 6⁶¹.
430 2469 520 2508 The
541 2480 648 2506 same
667 2480 831 2517 persons
852 2464 1106 2516 responsible.
1167 2464 1266 2504 Fine
1289 2467 1336 2504 6⁵.

236 2533 418 2581 William,
454 2545 526 2571 son
559 2533 604 2572 of
642 2531 833 2578 Beatrice,
865 2530 1073 2577 deceased,
1108 2529 1205 2568 took
1238 2529 1380 2569 there*
1415 2528 1473 2569 six
1505 2542 1625 2581 green
1657 2531 1768 2579 oaks,

179 2600 295 2639 value
316 2597 371 2637 ὀᾶ.
427 2598 516 2636 The
536 2609 645 2636 same
664 2609 828 2647 persons
847 2593 1103 2645 responsible.
1164 2592 1262 2632 Fine
1282 2595 1330 2632 6⁵.

235 2665 323 2703 Stut
356 2662 402 2701 of
436 2661 657 2709 Ellerburn,
692 2660 901 2707 deceased,
936 2658 1034 2697 took
1077 2657 1188 2697 there
1223 2657 1388 2696 without
1421 2658 1490 2697 the
1523 2658 1716 2698 demesne
1746 2671 1771 2697 a

181 2740 300 2779 green
333 2727 411 2766 oak
448 2725 613 2766 without
649 2724 771 2775 livery
809 2724 855 2763 of
890 2723 959 2762 the
995 2723 1178 2761 foresters
1217 2734 1262 2760 or
1299 2729 1474 2761 warrant.
1532 2723 1621 2762 The
1658 2735 1770 2762 same

183 2803 348 2842 persons
367 2788 623 2840 responsible.

238 2854 381 2894 Austin
402 2855 468 2893 the
488 2867 614 2901 reeve,
636 2853 845 2900 deceased,
867 2852 964 2891 took
983 2850 1094 2890 there
1113 2849 1254 2890 within
1282 2850 1350 2889 the
1380 2850 1571 2889 demesne
1590 2863 1614 2889 a
1650 2863 1772 2901 green

185 2921 272 2967 oak,
293 2921 408 2958 value
433 2917 483 2956 1d.
542 2918 630 2956 The
651 2930 758 2956 same
777 2929 941 2967 persons
962 2914 1219 2964 responsible.
1279 2913 1378 2952 Fine
1402 2921 1445 2952 1⁵.

239 2985 415 3035 Stephen
436 2995 508 3021 son
541 2983 584 3021 of
608 2983 722 3030 Alan,
745 2981 953 3027 deceased,
975 2979 1073 3018 took
1101 2979 1212 3018 there
1245 2977 1410 3017 without
1443 2978 1510 3017 the
1540 2978 1729 3020 demesne
1750 2993 1773 3019 a

796 3080 811 3095 *
836 3079 850 3111 Ρ
867 3078 906 3111 In
924 3077 1045 3119 Scalby
1062 3077 1150 3118 Hay.
