2044 3491
744 262 979 296 COUCHER
1010 262 1154 295 BOOK.
1696 263 1748 306 57

217 366 318 403 Item
339 370 564 415 presentant
585 363 694 413 quod
716 376 815 401 unus
836 364 1016 412 pullanus
1037 362 1105 413 qui
1126 361 1198 400 fuit
1218 361 1349 399 vicarii
1380 361 1430 400 de
1453 362 1661 400 Ellerburn
1683 360 1750 410 qui

162 430 260 469 obiit
280 430 460 469 inventus
481 429 553 467 suit
573 428 720 467 ibidem
751 441 819 478 per
839 428 1008 466 wardam
1037 428 1179 465 saetam
1208 426 1328 476 precii
1357 424 1480 475 xviijd‚
1504 427 1610 464 unde
1630 425 1751 464 iidem

162 502 342 534 tenentes
362 494 670 544 respondebunt.

218 562 321 598 Item
351 566 575 609 presentant
605 559 715 608 quod
745 571 846 596 unus
876 558 1055 607 pullanus
1087 555 1154 606 qui
1185 555 1255 595 suit
1285 555 1451 594 Roberti
1482 557 1546 594 del
1568 556 1661 605 Clyf
1685 553 1753 603 qui

163 623 260 662 obiit
281 623 462 662 inventus
493 622 564 661 fuit
597 622 746 660 ibidem
777 635 845 671 per
865 622 1034 659 wardam
1068 621 1211 659 factam
1242 620 1362 670 precii
1391 619 1514 670 xviijd‚
1537 621 1642 658 unde
1664 621 1754 658 Ber-

162 689 308 726 nardus
330 688 380 726 de
401 688 529 737 Bergh
550 695 588 726 et
609 687 825 725 Willelmus
848 688 1031 735 Latymer
1051 699 1174 735 nuper
1195 685 1365 723 viridarii
1386 686 1695 735 respondebunt.

219 754 321 790 Item
342 759 570 802 presentant
591 753 701 802 quod
721 751 774 801 iiij
798 750 906 800 porci
928 750 996 800 qui
1017 753 1173 789 fuerunt
1195 750 1363 789 Galfridi
1384 750 1454 788 filii
1485 747 1754 788 Bartholomei

164 816 233 867 qui
254 817 351 856 obiit
371 816 521 855 inventi
550 818 707 855 fuerunt
737 816 776 854 in
805 814 1026 865 Langedon
1055 828 1126 864 per
1146 816 1317 853 wardam
1347 817 1488 854 factam
1520 813 1640 864 precii
1661 813 1753 863 viijS,

163 884 271 922 unde
292 883 594 921 Bartholomeus
624 881 726 919 filius
761 883 845 930 ejus
880 888 919 919 et
953 881 1064 919 heres
1098 888 1238 918 tenens
1272 889 1458 919 terrarum
1491 886 1528 918 et
1558 886 1756 917 tenemen-

164 955 294 986 torum
315 961 392 997 que
414 949 572 986 fuerunt
592 947 711 997 ipsius
734 945 900 985 Galfridi
921 944 1189 995 respondebit.

220 1014 322 1051 Item
344 1019 570 1062 presentant
591 1012 700 1061 quod
721 1011 759 1060 iij
784 1011 875 1060 equi
896 1010 963 1060 qui
985 1012 1143 1049 fuerunt
1166 1009 1332 1049 Galfridi
1364 1009 1560 1059 Hogherd
1581 1010 1631 1048 de
1653 1010 1756 1046 Mar-

165 1078 319 1117 desdon
341 1077 408 1127 qui
429 1076 525 1116 obiit
546 1077 695 1115 inventi
713 1078 867 1115 fuerunt
888 1075 928 1113 in
949 1074 1160 1114 dominicis
1182 1077 1232 1115 de
1255 1076 1474 1125 Langedon
1497 1088 1564 1125 per
1585 1076 1754 1114 wardam

165 1143 309 1180 factam
331 1141 452 1192 precii
471 1149 519 1188 xS,
542 1143 648 1180 unde
668 1141 886 1180 Willelrnus
908 1141 1009 1178 filius
1030 1141 1114 1190 ejus
1136 1149 1174 1179 et
1194 1142 1307 1179 heres
1337 1148 1477 1179 tenens
1508 1147 1694 1178 terrarum
1717 1146 1756 1177 et

165 1214 484 1246 tenementorum
506 1220 583 1257 que
604 1208 758 1245 fuerunt
779 1207 995 1244 eorundem
1017 1203 1288 1244 viridariorum
1308 1203 1607 1252 respondebunt
1630 1199 1722 1254 [sic]

221 1274 324 1310 Item
345 1280 571 1322 presentant
592 1273 701 1321 quod
722 1285 823 1309 unus
844 1272 1026 1321 pullanus
1048 1269 1116 1320 qui
1136 1269 1208 1307 fuit
1239 1267 1408 1306 Roberti
1438 1269 1489 1305 de
1520 1267 1756 1317 Killyngton

167 1337 233 1387 qui
254 1337 351 1375 obiit
372 1336 552 1375 inventus
574 1336 645 1375 fuit
665 1337 704 1374 in
728 1335 834 1374 Haia
855 1337 905 1374 de
936 1336 1077 1385 Scalby
1097 1347 1167 1384 per
1186 1334 1359 1372 wardam
1389 1333 1531 1370 factam
1561 1331 1682 1381 precii
1702 1331 1756 1380 ij⁵,

165 1402 272 1440 unde
293 1401 509 1440 Willelmus
530 1401 632 1439 filius
662 1403 747 1450 ejus
777 1409 815 1439 et
847 1401 960 1439 heres
995 1408 1134 1438 tenens
1166 1406 1357 1437 terrarum
1379 1404 1418 1436 et
1438 1404 1755 1442 tenementorum

167 1479 244 1517 que
265 1468 418 1505 fuerunt
438 1466 559 1517 ipsius
582 1466 747 1505 Roberti
768 1465 1033 1516 respondebit.

220 1533 326 1570 Item
354 1538 582 1581 presentant
612 1532 722 1581 quod
752 1544 829 1569 una
858 1544 924 1569 sus
954 1543 1031 1581 que
1061 1529 1133 1569 fuit
1163 1529 1294 1567 Adam
1329 1529 1539 1577 Staumpes
1566 1526 1635 1577 qui
1656 1526 1754 1565 obiit

166 1595 327 1634 inventa
360 1595 432 1634 fuit
465 1595 506 1633 in
537 1595 748 1634 dominicis
782 1597 834 1635 de
875 1596 1094 1646 Langedon
1136 1607 1206 1645 per
1240 1594 1412 1632 wardam
1458 1594 1613 1639 factam,
1650 1592 1758 1630 unde

168 1661 367 1700 Robertus
388 1668 426 1699 et
455 1661 659 1711 Johannes
680 1659 793 1713 [273]
815 1661 884 1698 filii
904 1662 989 1710 ejus
1019 1668 1057 1699 et
1086 1658 1286 1698 heredes*
1307 1665 1488 1697 tenentes
1509 1665 1698 1695 terrarum
1719 1663 1758 1695 et

167 1733 488 1765 tenementorum
511 1739 587 1776 que
608 1727 765 1764 fuerunt
785 1725 906 1775 ipsius
926 1725 1044 1763 Alani
1066 1722 1150 1776 [sic]
1171 1724 1481 1773 respondebunt.

222 1792 325 1829 Item
347 1799 574 1841 presentant
595 1792 705 1841 quod
735 1791 816 1829 duo
846 1790 938 1841 equi
967 1790 1035 1840 qui
1065 1791 1222 1828 fuerunt
1253 1787 1440 1837 Hugonis
1461 1788 1511 1826 de
1534 1789 1758 1838 Heybourn

169 1855 236 1905 qui
256 1855 353 1894 obiit
373 1855 522 1895 inventi
542 1858 698 1894 suerunt
718 1855 816 1894 infra
837 1855 1085 1894 dominicum
1115 1867 1183 1904 per
1202 1854 1371 1892 wardam
1395 1854 1538 1891 factam
1567 1851 1688 1902 precii
1708 1858 1757 1898 x⁵,

167 1921 274 1959 unde
295 1922 530 1970 Radulphus
560 1922 610 1960 de
642 1922 842 1971 Cloghton
877 1928 1016 1959 tenens
1048 1928 1237 1959 terrarum
1274 1925 1311 1957 et
1345 1924 1661 1957 tenementorum
1681 1929 1760 1966 que

169 1987 325 2024 suerunt
345 1985 468 2036 ipsius
490 1985 677 2036 Hugonis
698 1985 966 2036 respondebit.

225 2053 327 2089 Item
348 2058 574 2101 presentant
595 2052 705 2101 quod
739 2058 891 2100 septem
922 2049 1045 2100 staggi
1066 2049 1134 2100 qui
1164 2051 1320 2088 fuerunt
1341 2047 1483 2086 Prioris
1518 2049 1568 2086 de
1604 2049 1760 2086 Malton

169 2115 319 2155 inventi
340 2119 494 2155 fuerunt
515 2116 554 2154 in
576 2116 822 2165 Aleyntoftes
852 2128 921 2164 per
951 2115 1120 2153 wardam
1153 2115 1296 2152 factam
1335 2113 1454 2163 precii
1487 2112 1619 2162 xxiiijS,
1652 2113 1761 2151 unde

171 2180 278 2220 idem
301 2181 410 2220 Prior
428 2179 699 2231 respondebit.

171 2310 251 2348 colt
285 2310 367 2348 also
401 2309 522 2348 worth
557 2316 591 2347 1s
625 2307 679 2356 ὀᾶ,
712 2309 779 2347 the
809 2314 993 2358 property
1024 2308 1069 2346 of
1095 2308 1162 2346 the
1195 2309 1272 2346 late
1306 2309 1460 2345 Robert
1491 2308 1557 2346 del
1591 2306 1679 2355 Clif,
1701 2308 1763 2345 for

171 2374 297 2413 which
318 2375 385 2413 the
405 2375 483 2413 late
503 2375 715 2421 verdererS‚
738 2374 916 2412 Bernard
936 2374 986 2411 de
1016 2374 1145 2422 Bergh
1177 2373 1256 2411 and
1290 2372 1461 2410 William
1496 2372 1668 2411 Latimer
1696 2385 1762 2411 are

172 2439 414 2488 responsible
431 2453 442 2487 3
470 2438 510 2476 in
545 2439 757 2488 Langdale‚
779 2439 864 2476 four
884 2437 969 2487 pigs
989 2438 1111 2476 worth
1134 2440 1183 2484 8³,
1205 2437 1272 2476 the
1292 2444 1476 2487 property
1496 2438 1541 2475 of
1565 2438 1760 2486 Geoffrey‚

172 2516 245 2542 son
284 2505 329 2542 of
362 2504 663 2550 Bartholomew,
696 2504 754 2541 for
787 2502 913 2541 which
949 2503 1248 2550 Bartholomew,
1285 2501 1345 2540 his
1388 2514 1460 2540 son
1494 2503 1574 2540 and
1605 2501 1700 2549 heir,
1731 2502 1764 2540 is

173 2568 427 2618 responsible,
460 2570 540 2607 and
573 2570 683 2607 three
716 2568 853 2606 horses
891 2569 1014 2606 worth
1058 2574 1130 2614 10⁵,
1170 2568 1237 2606 the
1275 2574 1460 2616 property
1498 2568 1543 2605 of
1585 2568 1651 2605 the
1685 2568 1763 2606 late

175 2635 360 2684 Geoffrey
381 2634 577 2684 Hogherd
606 2634 651 2671 of
677 2633 923 2671 Mardesdon
951 2631 992 2669 in
1020 2633 1161 2681 Scalby
1182 2633 1302 2681 Hay3
1331 2644 1354 2669 a
1374 2632 1453 2669 colt
1473 2632 1593 2670 worth
1618 2639 1665 2678 2⁵,
1697 2632 1762 2670 the

175 2707 358 2749 property
371 2700 415 2736 of
432 2699 583 2737 Robert
604 2699 654 2737 de
676 2697 909 2747 Killington,
928 2697 986 2735 for
1008 2696 1132 2735 which
1149 2696 1331 2743 William,
1350 2695 1410 2734 his
1431 2709 1503 2734 son
1526 2697 1604 2734 and
1618 2696 1712 2742 heir,
1730 2696 1762 2734 is

175 2762 445 2812 responsible3
474 2762 515 2800 in
535 2764 601 2801 the
623 2764 832 2801 demesnes
853 2763 898 2801 of
927 2763 1141 2811 Langdale,
1162 2775 1186 2799 a
1205 2774 1295 2809 sow,
1318 2761 1386 2799 the
1415 2768 1599 2810 property
1628 2762 1673 2799 of
1696 2762 1764 2800 the

177 2827 255 2865 late
267 2828 397 2865 Adam
413 2825 447 2879 [?
459 2826 580 2880 Alan]
595 2829 760 2877 Stamps,
770 2829 829 2865 for
842 2825 969 2865 which
983 2826 1042 2865 his
1057 2840 1149 2865 sons
1163 2827 1242 2864 and
1256 2825 1369 2872 heirs,
1386 2825 1538 2863 Robert
1551 2826 1629 2863 and
1642 2826 1761 2874 John,

175 2904 242 2930 are
261 2892 505 2941 responsible
522 2906 533 2940 3
554 2891 686 2931 within
708 2892 773 2930 the
794 2892 995 2938 demesne,
1017 2898 1093 2929 two
1113 2891 1248 2929 horses
1266 2892 1386 2930 worth
1407 2898 1479 2937 10³,
1498 2891 1564 2928 the
1581 2898 1764 2940 property

176 2958 221 2995 of
236 2957 303 2994 the
323 2957 400 2994 late
421 2957 547 3006 Hugh
569 2958 618 2995 de
641 2958 847 3006 Hayburn,
869 2957 928 2994 for
948 2955 1073 2995 which
1094 2956 1227 3006 Ralph
1248 2957 1299 2995 de
1320 2955 1547 3004 Cloughton
1562 2954 1593 2992 is
1607 2968 1765 3005 respon-

176 3020 301 3070 sible3
329 3021 370 3060 in
389 3022 614 3068 Allantofts,
637 3034 757 3060 seven
789 3033 922 3071 young
941 3021 1076 3059 horses
1097 3020 1219 3058 worth
1240 3017 1290 3068 :E
1296 3034 1311 3057 1
1345 3026 1395 3067 4⁵,
1417 3019 1483 3057 the
1512 3028 1695 3071 property
1724 3021 1770 3060 os

373 3095 392 3111 '⁶
416 3096 499 3129 This
514 3096 541 3129 is
558 3096 687 3139 worthy
703 3096 741 3129 of
760 3101 837 3130 note
853 3107 889 3129 as
905 3097 1101 3138 evidencing
1117 3096 1173 3128 the
1189 3100 1316 3128 custom
1329 3096 1365 3128 of
1384 3095 1575 3137 gavelkind.
