2044 3491
225 222 307 264 190
888 212 1152 245 APPENDIX.

220 317 329 367 quod
360 314 444 365 ipse
474 320 532 353 est
567 312 753 352 dominus
788 310 953 350 manerii
992 312 1043 349 de
1083 311 1290 360 Pykeryng
1324 310 1434 359 quod
1467 314 1525 346 est
1564 308 1615 346 de
1644 307 1810 357 antiquo

222 381 427 421 dominico
467 391 614 429 corone
661 376 771 426 regni
819 378 977 426 Regum
1020 375 1174 424 Anglie,
1217 381 1255 413 et
1303 375 1414 424 quod
1462 372 1660 411 sexdecim
1700 374 1810 418 toste,

224 445 438 486 duodecim
457 445 601 482 bovate
636 449 674 481 et
709 440 969 491 quadraginta
1000 429 1100 478 acre>
1118 447 1229 487 terre,
1253 453 1319 478 sex
1349 451 1437 476 acre
1467 436 1567 487 prati
1597 444 1635 475 et
1656 436 1814 486 triginta

223 511 391 550 solidate
419 509 597 547 redditus
632 508 683 546 de
716 506 903 556 predictis
941 505 1179 543 tenementis
1212 504 1252 542 in
1282 504 1463 554 predicto
1498 504 1577 540 fine
1613 502 1811 540 contentis

223 582 409 614 tenentur
428 575 478 612 de
508 586 556 611 eo
585 579 628 610 ut
659 572 709 610 de
738 570 913 608 manerio
948 569 1140 619 predicto,
1163 576 1202 607 et
1231 583 1253 607 a
1282 577 1460 618 tempore
1492 568 1607 616 cujus
1628 567 1813 606 contrarii

160 679 164 682 ,
224 639 416 679 memoria
436 651 516 676 non
538 636 667 676 existit
697 637 747 674 de
776 635 863 684 ipso
899 642 936 673 et
970 634 1286 672 antecessoribus
1316 632 1393 671 suis
1414 640 1456 671 ut
1478 633 1527 670 de
1548 632 1725 670 manerio
1746 631 1814 669 illo

225 707 469 752 tenebantur,
490 710 527 741 et
547 702 587 739 in
605 700 725 740 Curia
742 699 903 737 manerii
925 698 1028 736 illius
1050 699 1269 737 secundum
1289 698 1616 736 consuetudinem
1636 697 1815 746 ejusdem

224 772 381 809 fuerunt
410 765 658 818 placitabilia‚
696 772 734 803 et
769 765 879 813 quod
914 763 1002 800 finis
1037 762 1102 801 ille
1134 762 1227 800 inde
1257 762 1297 799 in
1336 761 1456 811 ipsius
1493 761 1660 801 Comitis
1698 774 1815 810 grave

225 837 444 885 dampnum
465 839 503 870 et
524 828 848 870 exheredacionis
878 841 947 866 sue
976 827 1194 877 periculum
1225 827 1479 865 manifestum
1507 825 1632 864 extitit
1652 827 1814 873 levatus,

225 913 343 950 super
362 910 442 948 quo
463 897 569 935 idem
591 896 737 934 Comes
760 892 925 947 domino
948 892 1049 942 Regi
1070 891 1305 941 supplicavit
1326 891 1399 929 sibi
1419 904 1489 941 per
1505 890 1635 940 ipsum
1658 892 1812 940 Regem

225 966 284 1016 de¹
296 962 472 1002 remedio
493 959 701 1011 provideri,
724 958 910 997 dominus
944 959 1028 996 Rex
1057 957 1166 1006 quod
1197 957 1347 1005 justum
1375 955 1489 994 suerit
1510 955 1594 994 fieri
1610 956 1745 994 volens
1774 955 1814 992 in

226 1030 301 1067 hac
322 1034 430 1077 parte
452 1024 556 1062 misit
577 1026 709 1061 coram
732 1020 886 1060 dilectis
916 1028 954 1059 et
988 1021 1171 1059 fidelibus
1201 1020 1281 1058 suis
1302 1020 1499 1058 Willelmo
1522 1021 1615 1058 Scot
1636 1026 1675 1058 et
1697 1018 1813 1057 sociis

226 1090 457 1144 Justiciariis
496 1090 547 1127 ad
579 1086 722 1137 placita
761 1098 895 1124 coram
930 1087 1042 1134 Rege
1080 1085 1254 1123 tenenda
1292 1084 1497 1133 assignatis
1535 1083 1814 1133 transcriptum

228 1157 339 1209 pedis
360 1155 448 1194 finis
469 1152 645 1204 predicti,
670 1152 863 1189 mandans
885 1151 992 1200 quod
1014 1149 1098 1188 viso
1119 1148 1354 1199 transcripto
1374 1148 1441 1187 illo
1458 1155 1496 1187 et
1512 1149 1661 1187 vocatis
1682 1162 1815 1186 coram

229 1226 341 1272 Rege
375 1233 474 1271 quos
504 1221 586 1257 fore
615 1216 783 1255 viderint
813 1216 1039 1254 evocandos
1071 1214 1297 1264 auditisque
1329 1214 1422 1252 hinc
1453 1220 1491 1252 et
1525 1214 1619 1252 inde
1648 1213 1817 1264 partium

226 1285 465 1332 racionibus‚
488 1282 649 1321 ulterius
670 1294 787 1330 super
816 1279 1136 1318 adnullacionem
1171 1278 1259 1317 finis
1289 1277 1455 1328 predicti
1485 1279 1619 1328 quoad
1641 1278 1817 1328 predicta

229 1350 429 1392 sexdecim
451 1350 559 1395 tofta,
583 1346 797 1386 duodecim
829 1345 992 1383 bovatas
1014 1351 1052 1382 et
1073 1343 1334 1393 quadraginta
1354 1356 1462 1381 acras
1484 1351 1594 1390 terre,
1619 1356 1686 1381 sex
1707 1356 1816 1381 acras

228 1417 329 1468 prati
350 1422 388 1454 et
408 1413 565 1464 triginta
594 1411 782 1450 solidatas
815 1408 993 1448 redditus
1027 1407 1109 1447 fieri
1141 1410 1287 1446 faceret
1327 1409 1416 1446 Rex
1449 1409 1559 1457 quod
1590 1409 1640 1447 de
1667 1409 1753 1457 jure
1778 1415 1817 1446 et

231 1481 448 1522 secundum
469 1482 595 1527 legem
617 1484 656 1514 et
676 1473 1007 1513 consuetudinem
1024 1473 1133 1523 regni
1156 1471 1277 1522 Regis
1298 1471 1441 1522 Anglie
1459 1478 1560 1510 esset
1576 1469 1814 1509 faciendum.

287 1549 338 1584 Et
357 1543 450 1595 quia
478 1542 652 1592 partibus
686 1538 872 1590 predictis
907 1538 946 1575 in
977 1539 1052 1576 hac
1085 1545 1194 1587 parte
1228 1539 1314 1575 Rex
1345 1538 1481 1575 volens
1515 1535 1598 1574 fieri
1632 1535 1740 1584 quod
1761 1545 1819 1573 est

228 1614 377 1662 justum
415 1606 590 1658 precepit
628 1603 853 1644 vicecomiti
893 1602 1135 1641 Eboracensi
1175 1603 1284 1652 quod
1329 1614 1399 1651 per
1430 1602 1577 1651 probos
1617 1608 1680 1639 etc
1718 1600 1818 1638 scire

233 1678 377 1715 faceret
397 1682 478 1712 tam
510 1671 659 1721 prefato
691 1667 866 1718 Johanni
899 1668 1042 1716 Moryn
1075 1667 1126 1704 de
1161 1668 1381 1715 Brompton
1413 1672 1451 1704 et
1488 1664 1668 1703 Dionisie
1697 1678 1817 1714 quam

233 1738 407 1792 Johanni
438 1738 488 1776 de
522 1735 715 1784 Wykham
748 1740 785 1771 et
819 1730 994 1781 Johanni
1033 1731 1084 1769 de
1123 1732 1327 1780 Snaynton
1366 1731 1476 1779 quod
1516 1736 1646 1767 essent
1684 1742 1818 1767 coram

233 1805 397 1846 domino
419 1805 530 1851 Rege
550 1801 601 1838 ad
622 1800 730 1836 hunc
750 1797 855 1836 diem
877 1796 1026 1834 scilicet
1046 1809 1068 1834 a
1090 1795 1154 1834 die
1174 1797 1319 1834 Sancte
1340 1793 1543 1833 Trinitatis
1578 1793 1618 1831 in
1649 1806 1699 1830 xv
1733 1793 1817 1832 dies

233 1870 473 1918 ubicumque
495 1872 567 1912 ete,
599 1864 651 1901 ad
681 1862 973 1901 ostendendum
1010 1859 1041 1898 si
1073 1859 1168 1909 quid
1203 1873 1273 1909 pro
1308 1872 1350 1898 se
1384 1859 1573 1897 haberent
1605 1859 1666 1896 vel
1688 1857 1820 1896 dicere

233 1935 376 1974 scirent
397 1943 516 1982 quare
537 1927 737 1979 predictus
758 1926 844 1964 finis
875 1926 1009 1975 quoad
1039 1923 1216 1974 predicta
1237 1923 1436 1961 sexdecim
1467 1924 1576 1970 tofta,
1603 1922 1818 1961 duodecim

233 2003 396 2040 bovatas
418 2006 456 2036 et
477 1993 735 2046 quadraginta
755 2005 863 2030 acras
884 1999 995 2038 terre,
1019 2003 1086 2028 sex
1105 2002 1214 2027 acras
1236 1987 1335 2038 prati
1366 1995 1404 2027 et
1439 1987 1597 2037 triginta
1631 1986 1818 2025 solidatas

233 2064 410 2105 redditus
431 2062 486 2100 sic
505 2060 544 2098 in
566 2057 827 2109 prejudicium
849 2054 1017 2095 dominii
1038 2053 1202 2104 predicti
1225 2053 1404 2100 Comitis,
1427 2060 1470 2091 ut
1492 2051 1644 2098 dicitur,
1666 2052 1818 2090 levatus

234 2127 425 2169 adnullari
447 2133 483 2165 et
504 2125 643 2164 eadem
665 2128 893 2161 tenementa
913 2121 952 2158 in
975 2127 1119 2158 statum
1140 2118 1346 2169 pristinum
1368 2117 1506 2168 reponi
1535 2129 1617 2155 non
1647 2117 1820 2155 debeant

235 2194 266 2233 si
287 2201 349 2233 etc
365 2207 376 2241 3
411 2199 449 2230 et
469 2189 629 2229 ulterius
651 2196 723 2227 etc.
784 2189 834 2225 Et
856 2186 977 2224 modo
999 2198 1132 2223 coram
1161 2183 1326 2222 domino
1349 2185 1461 2233 Rege
1480 2183 1588 2222 venit
1621 2182 1820 2232 predictus

236 2258 436 2297 Henricus
476 2256 621 2294 Comes
662 2251 887 2290 Lancastrie
926 2263 995 2299 per
1034 2250 1256 2287 Robertum
1295 2249 1345 2287 de
1385 2248 1548 2288 Cliffton
1582 2254 1820 2285 attornatum

236 2336 352 2361 suum
368 2335 378 2369 ;
406 2328 445 2359 et
464 2319 685 2358 vicecomes
707 2314 918 2354 retornavit
940 2314 1050 2363 quod
1071 2312 1161 2351 fecit
1182 2320 1383 2350 retornum
1414 2312 1540 2350 brevis
1573 2311 1694 2361 Regis
1728 2311 1822 2350 inde

238 2385 405 2437 Hugoni
426 2386 476 2424 de
497 2383 628 2422 Nevill
648 2381 793 2420 ballivo
827 2378 1014 2418 libertatis
1036 2379 1086 2416 de
1110 2378 1324 2427 Pykeryng,
1347 2376 1412 2414 cui
1433 2376 1620 2415 execucio
1641 2377 1821 2425 ejusdem

236 2517 450 2554 Lancaster
483 2524 592 2561 upon
625 2511 692 2548 the
725 2507 840 2546 claim
872 2507 1029 2556 already
1060 2513 1118 2544 set
1148 2513 1215 2544 out
1240 2506 1476 2555 proceeded,
1507 2506 1586 2543 and
1615 2505 1682 2543 the
1713 2505 1824 2555 King

238 2578 415 2618 directed
435 2590 458 2614 a
478 2575 560 2613 writ
587 2575 632 2612 of
654 2574 746 2612 scire
761 2572 893 2621 facias
927 2578 968 2609 to
999 2571 1066 2609 the
1097 2570 1242 2608 Sheriff
1266 2571 1311 2608 of
1334 2569 1548 2608 Yorkshire
1579 2576 1619 2608 to
1640 2583 1823 2609 summon

240 2643 299 2682 Sir
319 2642 424 2692 John
447 2642 604 2688 Moryn,
639 2636 799 2683 Denise,
833 2635 894 2673 his
931 2634 1028 2682 wife,
1065 2635 1170 2684 John
1203 2635 1253 2673 de
1283 2635 1513 2684 Wykeham,
1545 2634 1624 2672 and
1645 2635 1751 2684 John
1772 2636 1823 2673 de

241 2707 432 2747 Snainton
462 2711 504 2742 to
535 2715 681 2753 appear
713 2701 753 2739 in
784 2701 851 2738 the
886 2700 1010 2739 Court
1044 2700 1089 2737 of
1113 2699 1251 2748 King's
1284 2699 1433 2746 Bench,
1468 2698 1509 2736 in
1530 2698 1682 2748 Trinity
1702 2701 1821 2738 Term

240 2771 449 2820 following,
471 2777 513 2808 to
545 2768 652 2806 show
683 2779 800 2804 cause
831 2764 983 2814 against
1014 2765 1081 2803 the
1113 2764 1308 2814 quashing
1329 2765 1375 2802 of
1397 2765 1463 2802 the
1485 2765 1563 2802 fine
1592 2777 1636 2803 so
1657 2766 1713 2803 far
1731 2778 1774 2802 as
1795 2765 1824 2803 it

240 2835 389 2874 related
420 2841 461 2872 to
499 2833 566 2870 the
603 2837 824 2870 tenements
854 2829 939 2867 said
968 2836 1008 2867 to
1038 2829 1087 2867 be
1117 2829 1209 2866 held
1239 2829 1284 2866 of
1324 2829 1391 2866 the
1422 2829 1523 2867 Earl.
1596 2830 1684 2867 The
1731 2830 1824 2867 Earl

241 2900 438 2950 appeared
458 2898 534 2937 this
569 2904 668 2935 term
698 2897 749 2945 by
782 2894 842 2932 his
858 2887 1044 2943 attorn'ey,
1083 2893 1233 2931 Robert
1250 2893 1300 2931 de
1318 2892 1478 2940 Clifton,
1499 2894 1579 2932 and
1599 2894 1665 2932 the
1686 2893 1830 2932 Sheriff

242 2964 427 3002 returned
447 2963 530 3000 that
551 2961 675 3010 Hugh
697 2961 747 2998 de
769 2958 910 3005 Nevill,
942 2957 1072 3004 bailiff,
1104 2958 1149 2995 of
1174 2957 1391 3007 Pickering‚
1422 2958 1553 2996 whose
1582 2959 1677 3007 duty
1698 2957 1726 2996 it
1748 2971 1824 2996 was

244 3035 285 3067 to
306 3033 468 3066 execute
488 3026 554 3063 the
575 3024 656 3063 writ
687 3022 817 3061 within
847 3023 930 3060 that
963 3021 1111 3071 liberty,
1143 3021 1294 3070 replied
1329 3022 1412 3059 that
1442 3021 1500 3060 Sir
1528 3023 1634 3071 John
1666 3023 1821 3071 Moryn,
1875 3060 1879 3064 ,
