2044 3491
793 250 1030 283 coucHER
1061 249 1206 282 BOOK.
1721 250 1799 294 157

209 349 430 399 Farmanby
468 349 699 396 housebote,
734 348 895 387 haibote
925 355 963 387 et
997 348 1237 386 subboscum
1273 359 1342 396 per
1380 347 1540 385 assisam
1577 347 1718 385 foreste
1748 347 1799 385 ad

208 413 410 464 curtilagia
429 421 468 453 et
488 416 679 452 fossatum
713 413 892 462 ejusdem
926 412 1017 451 ville
1046 412 1280 458 claudenda,
1303 418 1342 450 et
1376 411 1560 460 colligere
1591 424 1712 449 nuces
1745 412 1798 448 ad

208 478 400 517 estoveria
420 492 490 517 sua
508 478 549 516 in
569 477 699 516 boscis
714 479 764 516 de
786 478 1019 526 Farmanby,
1043 484 1080 515 et
1102 490 1171 526 pro
1193 489 1245 523 se,
1267 475 1494 514 hominibus
1510 483 1547 514 et
1567 475 1795 514 tenentibus

208 541 286 580 suis
308 544 358 581 de
380 543 591 592 Kynthorp
612 542 651 580 in
672 541 800 581 boscis
821 543 872 580 de
894 542 1116 591 Kynthorp‚
1136 547 1174 579 et
1195 555 1264 591 pro
1286 554 1337 589 se,
1361 540 1587 579 hominibus
1601 548 1639 578 et
1660 547 1798 578 tenen-

208 607 311 646 tibus
331 607 409 646 suis
430 609 480 646 de
502 609 708 646 Ellerburn
728 607 768 645 in
788 606 918 645 boscis
939 607 989 645 de
1011 606 1232 653 Ellerburn,
1254 613 1293 644 et
1322 618 1393 655 pro
1424 618 1476 651 se,
1499 604 1728 643 hominibus
1759 611 1798 642 et

207 671 432 710 tenentibus
453 671 531 710 suis
554 673 604 710 de
625 673 820 710 Allerstan
840 670 879 708 in
901 670 1031 709 boscis
1052 671 1102 708 de
1125 671 1328 713 Allerstan,
1352 677 1389 708 et
1410 682 1480 719 pro
1502 682 1553 716 se,
1570 668 1799 707 hominibus

207 742 246 774 et
265 736 491 774 tenentibus
523 736 602 774 suis
625 736 674 774 de
696 736 921 774 Edbreston
942 734 982 772 in
1017 733 1146 773 boscis
1177 735 1228 773 de
1260 735 1484 773 Edbreston
1522 733 1661 772 dicunt
1691 734 1801 782 quod

207 799 282 849 ipsi
302 807 341 838 et
373 814 510 839 omnes
532 800 686 839 Decani
719 800 885 839 ecclesie
915 799 1092 849 predicte
1125 807 1164 838 et
1195 800 1422 849 Capitulum
1452 812 1475 837 a
1509 805 1689 848 tempore
1720 812 1800 847 quo

206 878 288 903 non
310 873 412 904 extat
433 865 624 904 memoria
643 866 864 903 habuerunt
885 865 1117 911 housebote,
1140 863 1299 902 haibote
1322 854 1462 916 [313b]
1485 870 1523 902 et
1543 863 1798 908 subboscum,

208 937 246 968 et
267 930 497 980 colligerunt
518 943 639 969 nuces
673 931 724 969 ad
745 929 937 968 estoveria
958 942 1028 967 sua
1062 942 1132 978 pro
1163 942 1216 976 se,
1240 928 1467 967 hominibus
1506 935 1545 966 et
1575 927 1801 966 tenentibus

207 995 287 1033 suis
320 995 506 1045 predictis
540 995 579 1033 in
609 995 705 1034 locis
739 994 925 1045 predictis
956 996 1108 1044 absque
1142 992 1434 1042 interrupcione
1464 1000 1653 1042 tanquam
1688 991 1802 1041 perti-

206 1059 349 1098 nencia
380 1066 479 1099 terre
518 1073 586 1099 sue
616 1073 734 1110 quam
774 1060 921 1098 habent
955 1059 995 1096 in
1031 1059 1181 1097 eisdem
1215 1057 1326 1104 villis,
1363 1064 1401 1096 et
1436 1058 1513 1095 hoc
1551 1056 1676 1106 parati
1710 1063 1802 1094 sunt

206 1123 403 1163 verificare
441 1137 509 1174 per
546 1123 743 1162 ministros
782 1126 935 1162 foreste.
1012 1124 1112 1162 Ideo
1151 1122 1368 1172 inquiratur
1405 1121 1499 1160 inde
1538 1121 1679 1160 veritas
1728 1134 1799 1170 per

207 1189 381 1228 eosdem.
442 1188 521 1238 Qui
542 1189 690 1227 scilicet
720 1190 919 1237 forestarii,
951 1188 1121 1227 viridarii
1152 1195 1189 1227 et
1225 1188 1493 1237 regardatores
1515 1187 1652 1225 dicunt
1683 1199 1802 1236 super

206 1261 494 1292 sacramentum
515 1267 628 1292 suum
651 1255 760 1303 quod
780 1255 914 1304 quoad
935 1255 1012 1292 hoc
1032 1254 1141 1303 quod
1162 1253 1281 1291 iidem
1305 1254 1490 1290 Decanus
1512 1259 1550 1289 et
1572 1251 1798 1300 Capitulum

207 1318 379 1355 clamant
413 1319 556 1357 habere
590 1332 845 1357 communam
879 1326 1036 1368 pasture
1067 1331 1137 1368 pro
1169 1330 1221 1364 se,
1246 1316 1473 1355 hominibus
1503 1323 1542 1354 et
1573 1314 1801 1353 tenentibus

206 1381 285 1419 suis
306 1382 345 1420 in
374 1382 470 1421 locis
488 1390 525 1421 et
546 1382 644 1421 villis
665 1383 864 1433 predictis,
883 1391 921 1422 et
942 1396 1029 1422 esse
1050 1381 1171 1433 quieti
1192 1382 1242 1421 de
1262 1380 1471 1432 pannagio,
1496 1379 1803 1430 expeditacione

206 1459 347 1484 canum
369 1455 407 1486 et
437 1456 579 1497 putura
610 1448 878 1487 ministrorum
911 1450 1063 1495 foreste,
1087 1448 1225 1487 dicunt
1246 1448 1355 1497 quod
1385 1446 1506 1485 iidem
1547 1447 1733 1484 Decanus
1764 1452 1802 1483 et

207 1511 433 1561 Capitulum
457 1520 496 1552 et
517 1527 654 1552 omnes
677 1515 831 1552 Decani
861 1513 1027 1553 ecclesie
1057 1513 1233 1563 predicte
1264 1520 1302 1551 et
1332 1510 1574 1560 Capitulum,
1598 1511 1803 1560 predeces-

207 1589 313 1615 sores
345 1577 416 1625 sui,
448 1591 470 1615 a
504 1585 682 1627 tempore
717 1592 798 1628 quo
833 1592 914 1616 non
946 1585 1050 1617 extat
1086 1576 1276 1616 memoria
1310 1577 1450 1614 virtute
1482 1584 1587 1613 carte
1626 1574 1803 1624 predicte

206 1643 363 1680 suerunt
384 1643 505 1692 quieti
538 1656 607 1692 pro
628 1656 680 1690 se,
705 1643 932 1682 hominibus
953 1651 992 1682 et
1023 1642 1250 1682 tenentibus
1273 1640 1352 1679 suis
1382 1639 1569 1690 predictis
1599 1639 1640 1677 in
1670 1639 1802 1677 boscis

207 1714 245 1745 et
265 1707 383 1745 moris
405 1708 591 1757 predictis
613 1709 662 1746 de
685 1708 882 1758 pannagio
905 1716 1082 1758 tempore
1104 1706 1298 1758 pannagii,
1322 1704 1624 1755 expeditacione
1655 1717 1799 1742 canum

207 1779 245 1811 et
266 1780 407 1822 putura
427 1772 692 1812 ministrorum
715 1775 870 1821 foreste,
893 1781 931 1812 et
952 1773 1174 1811 habuerunt
1195 1784 1449 1810 communam
1471 1778 1628 1820 pasture
1646 1782 1715 1819 pro
1746 1782 1799 1816 se,

207 1837 435 1875 hominibus
456 1846 494 1876 et
514 1837 740 1876 tenentibus
762 1838 840 1876 suis
861 1838 1048 1887 predictis
1069 1837 1109 1875 in
1143 1837 1240 1875 locis
1261 1835 1446 1887 predictis
1467 1843 1656 1884 tanquam
1687 1833 1799 1883 perti-

206 1909 368 1940 nentem
389 1909 488 1940 terre
510 1916 579 1941 sue
600 1902 785 1952 predicte.
845 1904 897 1941 Et
917 1904 1049 1953 quoad
1071 1903 1301 1941 habendum
1322 1901 1541 1939 housebote
1572 1907 1610 1937 et
1639 1899 1801 1938 haibote

207 1975 246 2006 et
267 1968 507 2006 subboscum
529 1975 567 2006 et
587 1968 769 2017 colligere
790 1980 910 2005 nuces
931 1968 982 2005 ad
1003 1966 1196 2005 estoveria
1225 1980 1296 2005 sua
1326 1979 1395 2016 pro
1427 1979 1478 2012 se,
1501 1963 1730 2002 hominibus
1761 1971 1801 2002 et

206 2032 433 2071 tenentibus
473 2032 550 2071 suis
590 2032 775 2082 predictis
807 2032 846 2070 in
885 2031 1016 2070 boscis
1055 2031 1251 2081 predictis,
1289 2031 1426 2069 dicunt
1466 2029 1642 2068 similiter
1679 2029 1800 2067 iidem

207 2096 372 2135 ministri
387 2098 495 2146 quod
516 2097 678 2146 predicti
696 2099 994 2147 predecessores
1018 2094 1050 2148 [?
1068 2094 1271 2148 Decanus]
1294 2103 1331 2133 et
1354 2094 1580 2144 Capitulum
1603 2100 1641 2132 et
1661 2106 1802 2132 omnes

209 2161 362 2201 Decani
385 2161 551 2200 ecclesie
571 2161 747 2211 predicte
768 2169 806 2200 et
825 2161 1053 2211 Capitulum
1075 2162 1373 2210 predecessores
1395 2159 1452 2197 sui
1473 2173 1496 2197 a
1516 2167 1696 2208 tempore
1718 2170 1800 2207 quo

208 2239 289 2264 non
311 2233 415 2264 extat
432 2226 621 2264 memoria
639 2240 711 2276 pro
733 2239 785 2273 se,
801 2225 1027 2264 hominibus
1048 2233 1086 2264 et
1107 2225 1333 2264 tenentibus
1351 2224 1429 2262 suis
1451 2223 1636 2273 predictis
1656 2223 1801 2261 habue-

209 2298 298 2329 runt
330 2291 549 2329 housebote
570 2299 608 2329 et
642 2290 802 2329 haibote
823 2298 861 2330 et
893 2292 1137 2329 subboscum
1171 2291 1224 2329 ad
1253 2288 1454 2339 curtilagia
1482 2296 1521 2327 et
1554 2290 1701 2326 fossata
1731 2301 1801 2326 sua

208 2357 441 2403 claudenda,
465 2363 503 2394 et
519 2355 750 2405 colligerunt
771 2369 893 2394 nuces
915 2357 966 2395 ad
987 2355 1179 2394 estoveria
1199 2368 1280 2402 sua,
1304 2361 1420 2404 prout
1440 2355 1624 2400 clamant,
1647 2354 1800 2402 absque

208 2420 498 2470 interrupcione
519 2420 687 2470 aliquali.
749 2421 849 2459 Ideo
878 2420 999 2460 iidem
1036 2423 1221 2459 Decanus
1251 2427 1289 2459 et
1320 2418 1547 2469 Capitulum
1579 2425 1671 2457 eant
1704 2417 1799 2456 inde

209 2485 293 2524 sine
313 2485 388 2532 die,
412 2487 518 2524 salvo
540 2498 693 2535 semper
711 2486 798 2534 jure
818 2492 892 2524 etc.

209 2629 330 2666 prove
350 2616 434 2655 that
455 2617 521 2655 the
554 2618 667 2654 Dean
688 2616 767 2654 and
797 2615 972 2663 Chapter
991 2615 1090 2653 have
1126 2627 1215 2652 ever
1237 2614 1410 2662 enjoyed
1439 2613 1505 2651 the
1539 2625 1646 2650 same
1676 2611 1801 2661 rights

210 2682 308 2718 from
331 2681 414 2718 that
435 2680 540 2719 time.
599 2681 711 2729 They
733 2679 848 2717 claim
869 2680 935 2718 the
955 2678 1076 2728 rights
1097 2679 1142 2717 of
1165 2678 1301 2727 taking
1322 2678 1553 2723 housebote,
1577 2677 1802 2725 hedgebote

211 2745 290 2784 and
309 2746 551 2783 underwood
572 2746 631 2783 for
661 2743 863 2794 enclosing
884 2743 985 2782 their
1013 2743 1220 2792 curtilages
1242 2743 1322 2780 and
1355 2743 1420 2780 the
1442 2749 1545 2779 town
1576 2740 1685 2779 ditch
1715 2740 1797 2778 and

211 2810 257 2848 of
280 2808 489 2859 collecting
508 2817 599 2847 nuts
619 2810 679 2847 for
699 2808 799 2847 their
820 2816 991 2847 estovers
1013 2807 1053 2845 in
1073 2808 1140 2846 the
1161 2808 1296 2845 woods
1328 2805 1569 2852 mentioned,
1593 2818 1634 2843 as
1657 2803 1801 2853 having

212 2874 381 2922 enjoyed
402 2874 509 2911 them
530 2873 631 2911 from
664 2872 758 2911 time
779 2872 1041 2911 immemorial
1061 2871 1223 2910 without
1257 2870 1518 2920 interruption
1548 2882 1589 2907 as
1620 2875 1802 2918 appurte-

211 2945 306 2976 nant
328 2945 368 2976 to
389 2937 488 2975 their
518 2938 612 2976 land
632 2937 672 2975 in
702 2938 768 2976 the
803 2938 949 2976 several
979 2935 1204 2986 townships.
1264 2937 1327 2973 An
1359 2934 1514 2983 inquiry
1548 2933 1579 2971 is
1610 2933 1800 2980 directed,

210 3003 290 3041 and
310 3001 338 3040 it
359 3001 390 3040 15
411 3003 537 3041 found
558 3002 643 3040 that
673 3002 740 3040 the
762 3003 878 3040 Dean
897 3002 978 3040 and
998 3001 1173 3050 Chapter
1198 3001 1298 3038 have
1321 2999 1492 3048 enjoyed
1513 2998 1579 3036 the
1608 2997 1730 3047 rights
1761 2996 1801 3035 in

210 3067 456 3106 accordance
477 3066 566 3105 with
590 3065 690 3105 their
710 3065 857 3104 claims.
919 3066 1137 3116 Judgment
1160 3064 1190 3102 is
1211 3063 1325 3114 given
1346 3063 1386 3101 in
1407 3061 1506 3102 their
1526 3063 1672 3101 favour.
