<?xml version="1.0" encoding="UTF-8"?>
<!DOCTYPE html PUBLIC "-//W3C//DTD XHTML 1.0 Transitional//EN"
    "http://www.w3.org/TR/xhtml1/DTD/xhtml1-transitional.dtd">
<html xmlns="http://www.w3.org/1999/xhtml" xml:lang="en" lang="en">
 <head>
  <title>
</title>
<meta http-equiv="Content-Type" content="text/html;charset=utf-8" />
  <meta name='ocr-system' content='tesseract 3.04.00' />
  <meta name='ocr-capabilities' content='ocr_page ocr_carea ocr_par ocr_line ocrx_word'/>
</head>
<body>
  <div class='ocr_page' id='page_1' title='image "./honorforestofpic03turt_0192.png"; bbox 0 0 2044 3491; ppageno 0'>
   <div class='ocr_carea' id='block_1_1' title="bbox 237 197 1457 241">
    <p class='ocr_par' dir='ltr' id='par_1_1' title="bbox 237 197 1457 241">
     <span class='ocr_line' id='line_1_1' title="bbox 237 197 1457 241; baseline 0.001 -12"><span class='ocrx_word' id='word_1_1' title='bbox 237 197 318 241; x_wconf 79' lang='lat'><strong>154</strong></span> <span class='ocrx_word' id='word_1_2' title='bbox 602 199 776 232; x_wconf 87' lang='lat' dir='ltr'>DUCHY</span> <span class='ocrx_word' id='word_1_3' title='bbox 807 199 868 231; x_wconf 91' lang='lat' dir='ltr'><strong>OF</strong></span> <span class='ocrx_word' id='word_1_4' title='bbox 900 198 1190 231; x_wconf 89' lang='lat' dir='ltr'><strong>LANCASTER</strong></span> <span class='ocrx_word' id='word_1_5' title='bbox 1223 197 1457 231; x_wconf 85' lang='lat' dir='ltr'><strong>RECORDS.</strong></span> 
     </span>
    </p>
   </div>
   <div class='ocr_carea' id='block_1_2' title="bbox 226 295 1824 2031">
    <p class='ocr_par' dir='ltr' id='par_1_2' title="bbox 226 295 1824 1966">
     <span class='ocr_line' id='line_1_2' title="bbox 230 295 1824 347; baseline -0.001 -13"><span class='ocrx_word' id='word_1_6' title='bbox 230 297 431 346; x_wconf 82' lang='lat' dir='ltr'>quendam</span> <span class='ocrx_word' id='word_1_7' title='bbox 450 296 625 346; x_wconf 89' lang='lat' dir='ltr'><strong>lapidem</strong></span> <span class='ocrx_word' id='word_1_8' title='bbox 647 309 693 335; x_wconf 81' lang='lat' dir='ltr'><strong>ex</strong></span> <span class='ocrx_word' id='word_1_9' title='bbox 714 296 899 347; x_wconf 90' lang='lat' dir='ltr'><strong>opposito</strong></span> <span class='ocrx_word' id='word_1_10' title='bbox 919 297 955 335; x_wconf 92' lang='lat' dir='ltr'><strong>le</strong></span> <span class='ocrx_word' id='word_1_11' title='bbox 977 296 1072 335; x_wconf 87' lang='lat' dir='ltr'><strong>Birk</strong></span> <span class='ocrx_word' id='word_1_12' title='bbox 1091 295 1192 335; x_wconf 89' lang='lat' dir='ltr'><strong>inter</strong></span> <span class='ocrx_word' id='word_1_13' title='bbox 1211 297 1248 335; x_wconf 93' lang='lat' dir='ltr'><strong>le</strong></span> <span class='ocrx_word' id='word_1_14' title='bbox 1269 295 1364 334; x_wconf 87' lang='lat' dir='ltr'><strong>Birk</strong></span> <span class='ocrx_word' id='word_1_15' title='bbox 1384 302 1423 334; x_wconf 91' lang='lat' dir='ltr'><strong>et</strong></span> <span class='ocrx_word' id='word_1_16' title='bbox 1444 295 1761 341; x_wconf 87' lang='lat' dir='ltr'><strong>Blaclousenese‚</strong></span> <span class='ocrx_word' id='word_1_17' title='bbox 1784 299 1824 332; x_wconf 92' lang='lat' dir='ltr'><strong>et</strong></span> 
     </span>
     <span class='ocr_line' id='line_1_3' title="bbox 231 359 1823 411; baseline -0.001 -13"><span class='ocrx_word' id='word_1_18' title='bbox 231 361 377 400; x_wconf 91' lang='lat' dir='ltr'><strong>deinde</strong></span> <span class='ocrx_word' id='word_1_19' title='bbox 415 375 484 411; x_wconf 92' lang='lat' dir='ltr'><strong>per</strong></span> <span class='ocrx_word' id='word_1_20' title='bbox 522 363 723 411; x_wconf 85' lang='lat' dir='ltr'><strong>quandam</strong></span> <span class='ocrx_word' id='word_1_21' title='bbox 763 362 943 400; x_wconf 84' lang='lat' dir='ltr'><strong>semitam</strong></span> <span class='ocrx_word' id='word_1_22' title='bbox 981 369 1129 400; x_wconf 90' lang='lat' dir='ltr'><strong>rectam</strong></span> <span class='ocrx_word' id='word_1_23' title='bbox 1168 373 1294 411; x_wconf 90' lang='lat' dir='ltr'><strong>usque</strong></span> <span class='ocrx_word' id='word_1_24' title='bbox 1343 359 1574 398; x_wconf 79' lang='lat' dir='ltr'><strong>orientalem</strong></span> <span class='ocrx_word' id='word_1_25' title='bbox 1613 360 1733 397; x_wconf 90' lang='lat' dir='ltr'><strong>finem</strong></span> <span class='ocrx_word' id='word_1_26' title='bbox 1772 359 1823 397; x_wconf 90' lang='lat' dir='ltr'><strong>de</strong></span> 
     </span>
     <span class='ocr_line' id='line_1_4' title="bbox 232 423 1822 475; baseline -0.001 -12"><span class='ocrx_word' id='word_1_27' title='bbox 232 426 507 475; x_wconf 89' lang='lat' dir='ltr'><strong>Blaclousdyk,</strong></span> <span class='ocrx_word' id='word_1_28' title='bbox 545 434 584 464; x_wconf 92' lang='lat' dir='ltr'><strong>et</strong></span> <span class='ocrx_word' id='word_1_29' title='bbox 617 425 764 464; x_wconf 89' lang='lat' dir='ltr'><strong>deinde</strong></span> <span class='ocrx_word' id='word_1_30' title='bbox 799 439 867 475; x_wconf 91' lang='lat' dir='ltr'><strong>per</strong></span> <span class='ocrx_word' id='word_1_31' title='bbox 901 426 1051 465; x_wconf 82' lang='lat' dir='ltr'><strong>dictum</strong></span> <span class='ocrx_word' id='word_1_32' title='bbox 1081 428 1270 465; x_wconf 88' lang='lat' dir='ltr'><strong>fossatum</strong></span> <span class='ocrx_word' id='word_1_33' title='bbox 1299 424 1399 464; x_wconf 87' lang='lat' dir='ltr'><strong>sicut</strong></span> <span class='ocrx_word' id='word_1_34' title='bbox 1433 424 1560 463; x_wconf 86' lang='lat' dir='ltr'><strong>tendit</strong></span> <span class='ocrx_word' id='word_1_35' title='bbox 1592 423 1739 462; x_wconf 84' lang='lat' dir='ltr'><strong>directe</strong></span> <span class='ocrx_word' id='word_1_36' title='bbox 1772 424 1822 461; x_wconf 89' lang='lat' dir='ltr'><strong>ab</strong></span> 
     </span>
     <span class='ocr_line' id='line_1_5' title="bbox 231 488 1821 541; baseline -0.001 -13"><span class='ocrx_word' id='word_1_37' title='bbox 231 489 382 529; x_wconf 90' lang='lat' dir='ltr'><strong>oriente</strong></span> <span class='ocrx_word' id='word_1_38' title='bbox 412 490 453 529; x_wconf 88' lang='lat' dir='ltr'><strong>in</strong></span> <span class='ocrx_word' id='word_1_39' title='bbox 483 493 643 541; x_wconf 91' lang='lat' dir='ltr'><strong>longum</strong></span> <span class='ocrx_word' id='word_1_40' title='bbox 678 504 810 529; x_wconf 88' lang='lat' dir='ltr'><strong>versus</strong></span> <span class='ocrx_word' id='word_1_41' title='bbox 860 491 1109 530; x_wconf 89' lang='lat' dir='ltr'><strong>occidentem</strong></span> <span class='ocrx_word' id='word_1_42' title='bbox 1143 504 1266 541; x_wconf 84' lang='lat' dir='ltr'><strong>usque</strong></span> <span class='ocrx_word' id='word_1_43' title='bbox 1300 491 1351 529; x_wconf 90' lang='lat' dir='ltr'><strong>ad</strong></span> <span class='ocrx_word' id='word_1_44' title='bbox 1396 490 1598 540; x_wconf 88' lang='lat' dir='ltr'><strong>quandam</strong></span> <span class='ocrx_word' id='word_1_45' title='bbox 1641 488 1821 527; x_wconf 81' lang='lat' dir='ltr'><strong>semitam</strong></span> 
     </span>
     <span class='ocr_line' id='line_1_6' title="bbox 227 554 1823 606; baseline -0.001 -13"><span class='ocrx_word' id='word_1_46' title='bbox 227 556 426 605; x_wconf 88' lang='lat' dir='ltr'><strong>jacentem</strong></span> <span class='ocrx_word' id='word_1_47' title='bbox 447 569 494 595; x_wconf 85' lang='lat' dir='ltr'><strong>ex</strong></span> <span class='ocrx_word' id='word_1_48' title='bbox 514 564 623 606; x_wconf 88' lang='lat' dir='ltr'><strong>parte</strong></span> <span class='ocrx_word' id='word_1_49' title='bbox 642 555 800 594; x_wconf 84' lang='lat' dir='ltr'><strong>australi</strong></span> <span class='ocrx_word' id='word_1_50' title='bbox 821 557 871 594; x_wconf 92' lang='lat' dir='ltr'><strong>de</strong></span> <span class='ocrx_word' id='word_1_51' title='bbox 893 557 1158 604; x_wconf 69' lang='lat' dir='ltr'><strong>Brounfflous,</strong></span> <span class='ocrx_word' id='word_1_52' title='bbox 1181 564 1219 595; x_wconf 91' lang='lat' dir='ltr'><strong>et</strong></span> <span class='ocrx_word' id='word_1_53' title='bbox 1253 555 1309 594; x_wconf 91' lang='lat' dir='ltr'><strong>sic</strong></span> <span class='ocrx_word' id='word_1_54' title='bbox 1343 569 1412 605; x_wconf 90' lang='lat' dir='ltr'><strong>per</strong></span> <span class='ocrx_word' id='word_1_55' title='bbox 1444 556 1613 594; x_wconf 90' lang='lat' dir='ltr'><strong>eandam</strong></span> <span class='ocrx_word' id='word_1_56' title='bbox 1644 554 1823 593; x_wconf 85' lang='lat' dir='ltr'><strong>semitam</strong></span> 
     </span>
     <span class='ocr_line' id='line_1_7' title="bbox 231 619 1824 670; baseline -0.001 -12"><span class='ocrx_word' id='word_1_57' title='bbox 231 620 516 660; x_wconf 88' lang='lat' dir='ltr'><strong>descendendo</strong></span> <span class='ocrx_word' id='word_1_58' title='bbox 565 621 666 659; x_wconf 91' lang='lat' dir='ltr'><strong>sicut</strong></span> <span class='ocrx_word' id='word_1_59' title='bbox 713 621 823 660; x_wconf 87' lang='lat' dir='ltr'><strong>ducit</strong></span> <span class='ocrx_word' id='word_1_60' title='bbox 860 622 912 659; x_wconf 91' lang='lat' dir='ltr'><strong>ad</strong></span> <span class='ocrx_word' id='word_1_61' title='bbox 950 620 1083 658; x_wconf 89' lang='lat' dir='ltr'><strong>cilium</strong></span> <span class='ocrx_word' id='word_1_62' title='bbox 1125 622 1175 660; x_wconf 88' lang='lat' dir='ltr'><strong>de</strong></span> <span class='ocrx_word' id='word_1_63' title='bbox 1209 620 1451 670; x_wconf 86' lang='lat' dir='ltr'><strong>GoderiggiI,</strong></span> <span class='ocrx_word' id='word_1_64' title='bbox 1494 627 1531 659; x_wconf 88' lang='lat' dir='ltr'><strong>et</strong></span> <span class='ocrx_word' id='word_1_65' title='bbox 1570 619 1717 658; x_wconf 87' lang='lat' dir='ltr'><strong>deinde</strong></span> <span class='ocrx_word' id='word_1_66' title='bbox 1754 631 1824 668; x_wconf 89' lang='lat' dir='ltr'><strong>per</strong></span> 
     </span>
     <span class='ocr_line' id='line_1_8' title="bbox 230 682 1824 736; baseline -0.002 -14"><span class='ocrx_word' id='word_1_67' title='bbox 230 684 416 724; x_wconf 86' lang='lat' dir='ltr'><strong>sikettum</strong></span> <span class='ocrx_word' id='word_1_68' title='bbox 436 686 720 724; x_wconf 89' lang='lat' dir='ltr'><strong>descendendo</strong></span> <span class='ocrx_word' id='word_1_69' title='bbox 740 699 809 735; x_wconf 92' lang='lat' dir='ltr'><strong>per</strong></span> <span class='ocrx_word' id='word_1_70' title='bbox 828 684 1004 724; x_wconf 89' lang='lat' dir='ltr'><strong>medium</strong></span> <span class='ocrx_word' id='word_1_71' title='bbox 1025 687 1075 724; x_wconf 92' lang='lat' dir='ltr'><strong>de</strong></span> <span class='ocrx_word' id='word_1_72' title='bbox 1096 685 1327 736; x_wconf 88' lang='lat' dir='ltr'><strong>Goderikgil</strong></span> <span class='ocrx_word' id='word_1_73' title='bbox 1348 698 1474 735; x_wconf 89' lang='lat' dir='ltr'><strong>usque</strong></span> <span class='ocrx_word' id='word_1_74' title='bbox 1509 685 1560 723; x_wconf 92' lang='lat' dir='ltr'><strong>ad</strong></span> <span class='ocrx_word' id='word_1_75' title='bbox 1596 682 1824 722; x_wconf 88' lang='lat' dir='ltr'><strong>Braithwait</strong></span> 
     </span>
     <span class='ocr_line' id='line_1_9' title="bbox 231 748 1824 799; baseline -0.003 -11"><span class='ocrx_word' id='word_1_76' title='bbox 231 749 299 789; x_wconf 92' lang='lat' dir='ltr'><strong>ubi</strong></span> <span class='ocrx_word' id='word_1_77' title='bbox 337 750 443 789; x_wconf 90' lang='lat' dir='ltr'><strong>idem</strong></span> <span class='ocrx_word' id='word_1_78' title='bbox 482 757 634 789; x_wconf 90' lang='lat' dir='ltr'><strong>torrens</strong></span> <span class='ocrx_word' id='word_1_79' title='bbox 673 749 780 788; x_wconf 87' lang='lat' dir='ltr'><strong>cadit</strong></span> <span class='ocrx_word' id='word_1_80' title='bbox 814 749 854 787; x_wconf 93' lang='lat' dir='ltr'><strong>in</strong></span> <span class='ocrx_word' id='word_1_81' title='bbox 889 752 1229 790; x_wconf 87' lang='lat' dir='ltr'><strong>Troucedalebek.</strong></span> <span class='ocrx_word' id='word_1_82' title='bbox 1309 753 1359 789; x_wconf 90' lang='lat' dir='ltr'><strong>Et</strong></span> <span class='ocrx_word' id='word_1_83' title='bbox 1394 750 1489 789; x_wconf 87' lang='lat' dir='ltr'><strong>dicit</strong></span> <span class='ocrx_word' id='word_1_84' title='bbox 1523 750 1633 799; x_wconf 86' lang='lat' dir='ltr'><strong>quod</strong></span> <span class='ocrx_word' id='word_1_85' title='bbox 1670 748 1755 797; x_wconf 86' lang='lat' dir='ltr'><strong>ipse</strong></span> <span class='ocrx_word' id='word_1_86' title='bbox 1784 753 1824 785; x_wconf 91' lang='lat' dir='ltr'><strong>et</strong></span> 
     </span>
     <span class='ocr_line' id='line_1_10' title="bbox 230 814 1822 865; baseline -0.001 -13"><span class='ocrx_word' id='word_1_87' title='bbox 230 827 367 853; x_wconf 88' lang='lat' dir='ltr'><strong>omnes</strong></span> <span class='ocrx_word' id='word_1_88' title='bbox 388 821 657 853; x_wconf 81' lang='lat' dir='ltr'><strong>antecessores</strong></span> <span class='ocrx_word' id='word_1_89' title='bbox 679 814 738 853; x_wconf 92' lang='lat' dir='ltr'><strong>sui</strong></span> <span class='ocrx_word' id='word_1_90' title='bbox 758 822 939 854; x_wconf 87' lang='lat' dir='ltr'><strong>tenentes</strong></span> <span class='ocrx_word' id='word_1_91' title='bbox 960 815 1123 854; x_wconf 89' lang='lat' dir='ltr'><strong>manerii</strong></span> <span class='ocrx_word' id='word_1_92' title='bbox 1143 817 1194 855; x_wconf 91' lang='lat' dir='ltr'><strong>de</strong></span> <span class='ocrx_word' id='word_1_93' title='bbox 1228 818 1447 865; x_wconf 90' lang='lat' dir='ltr'><strong>Brumpton</strong></span> <span class='ocrx_word' id='word_1_94' title='bbox 1481 828 1504 853; x_wconf 84' lang='lat' dir='ltr'><strong>a</strong></span> <span class='ocrx_word' id='word_1_95' title='bbox 1534 822 1713 863; x_wconf 90' lang='lat' dir='ltr'><strong>tempore</strong></span> <span class='ocrx_word' id='word_1_96' title='bbox 1741 824 1822 862; x_wconf 87' lang='lat' dir='ltr'><strong>quo</strong></span> 
     </span>
     <span class='ocr_line' id='line_1_11' title="bbox 226 877 1820 919; baseline -0.003 -1"><span class='ocrx_word' id='word_1_97' title='bbox 226 892 309 918; x_wconf 89' lang='lat' dir='ltr'><strong>non</strong></span> <span class='ocrx_word' id='word_1_98' title='bbox 330 886 433 918; x_wconf 85' lang='lat' dir='ltr'><strong>extat</strong></span> <span class='ocrx_word' id='word_1_99' title='bbox 453 880 643 918; x_wconf 81' lang='lat' dir='ltr'><strong>memoria</strong></span> <span class='ocrx_word' id='word_1_100' title='bbox 662 879 926 918; x_wconf 89' lang='lat' dir='ltr'><strong>vendiderunt</strong></span> <span class='ocrx_word' id='word_1_101' title='bbox 947 887 986 919; x_wconf 90' lang='lat' dir='ltr'><strong>et</strong></span> <span class='ocrx_word' id='word_1_102' title='bbox 1007 882 1201 919; x_wconf 85' lang='lat' dir='ltr'><strong>dederunt</strong></span> <span class='ocrx_word' id='word_1_103' title='bbox 1222 881 1385 919; x_wconf 85' lang='lat' dir='ltr'><strong>boscum</strong></span> <span class='ocrx_word' id='word_1_104' title='bbox 1408 893 1522 918; x_wconf 83' lang='lat' dir='ltr'><strong>suurn</strong></span> <span class='ocrx_word' id='word_1_105' title='bbox 1544 886 1625 917; x_wconf 85' lang='lat' dir='ltr'><strong>tam</strong></span> <span class='ocrx_word' id='word_1_106' title='bbox 1654 877 1820 916; x_wconf 88' lang='lat' dir='ltr'><strong>viridem</strong></span> 
     </span>
     <span class='ocr_line' id='line_1_12' title="bbox 228 942 1821 994; baseline -0.001 -12"><span class='ocrx_word' id='word_1_107' title='bbox 228 958 347 994; x_wconf 87' lang='lat' dir='ltr'><strong>quam</strong></span> <span class='ocrx_word' id='word_1_108' title='bbox 370 944 517 983; x_wconf 88' lang='lat' dir='ltr'><strong>siccum</strong></span> <span class='ocrx_word' id='word_1_109' title='bbox 538 944 578 982; x_wconf 91' lang='lat' dir='ltr'><strong>in</strong></span> <span class='ocrx_word' id='word_1_110' title='bbox 600 944 728 983; x_wconf 86' lang='lat' dir='ltr'><strong>boscis</strong></span> <span class='ocrx_word' id='word_1_111' title='bbox 749 944 828 983; x_wconf 89' lang='lat' dir='ltr'><strong>suis</strong></span> <span class='ocrx_word' id='word_1_112' title='bbox 860 946 911 983; x_wconf 87' lang='lat' dir='ltr'><strong>de</strong></span> <span class='ocrx_word' id='word_1_113' title='bbox 944 947 1192 984; x_wconf 87' lang='lat' dir='ltr'><strong>Troucedale</strong></span> <span class='ocrx_word' id='word_1_114' title='bbox 1225 958 1358 984; x_wconf 89' lang='lat' dir='ltr'><strong>versus</strong></span> <span class='ocrx_word' id='word_1_115' title='bbox 1393 945 1544 983; x_wconf 88' lang='lat' dir='ltr'><strong>boriam</strong></span> <span class='ocrx_word' id='word_1_116' title='bbox 1578 956 1646 993; x_wconf 91' lang='lat' dir='ltr'><strong>per</strong></span> <span class='ocrx_word' id='word_1_117' title='bbox 1677 942 1821 981; x_wconf 88' lang='lat' dir='ltr'><strong>divisas</strong></span> 
     </span>
     <span class='ocr_line' id='line_1_13' title="bbox 228 1009 1820 1060; baseline -0.002 -12"><span class='ocrx_word' id='word_1_118' title='bbox 228 1010 434 1060; x_wconf 90' lang='lat' dir='ltr'><strong>predictas,</strong></span> <span class='ocrx_word' id='word_1_119' title='bbox 459 1017 497 1048; x_wconf 89' lang='lat' dir='ltr'><strong>et</strong></span> <span class='ocrx_word' id='word_1_120' title='bbox 517 1010 594 1048; x_wconf 92' lang='lat' dir='ltr'><strong>hoc</strong></span> <span class='ocrx_word' id='word_1_121' title='bbox 615 1016 771 1059; x_wconf 88' lang='lat' dir='ltr'><strong>paratus</strong></span> <span class='ocrx_word' id='word_1_122' title='bbox 793 1016 851 1048; x_wconf 89' lang='lat' dir='ltr'><strong>est</strong></span> <span class='ocrx_word' id='word_1_123' title='bbox 872 1009 1072 1048; x_wconf 88' lang='lat' dir='ltr'><strong>verificare</strong></span> <span class='ocrx_word' id='word_1_124' title='bbox 1093 1024 1160 1060; x_wconf 88' lang='lat' dir='ltr'><strong>per</strong></span> <span class='ocrx_word' id='word_1_125' title='bbox 1181 1010 1379 1049; x_wconf 87' lang='lat' dir='ltr'><strong>ministros</strong></span> <span class='ocrx_word' id='word_1_126' title='bbox 1400 1009 1510 1048; x_wconf 89' lang='lat' dir='ltr'><strong>istius</strong></span> <span class='ocrx_word' id='word_1_127' title='bbox 1531 1010 1684 1047; x_wconf 87' lang='lat' dir='ltr'><strong>foreste.</strong></span> <span class='ocrx_word' id='word_1_128' title='bbox 1719 1009 1820 1046; x_wconf 92' lang='lat' dir='ltr'><strong>Ideo</strong></span> 
     </span>
     <span class='ocr_line' id='line_1_14' title="bbox 229 1074 1821 1125; baseline -0.002 -13"><span class='ocrx_word' id='word_1_129' title='bbox 229 1074 448 1124; x_wconf 90' lang='lat' dir='ltr'><strong>inquiratur</strong></span> <span class='ocrx_word' id='word_1_130' title='bbox 478 1075 572 1113; x_wconf 91' lang='lat' dir='ltr'><strong>inde</strong></span> <span class='ocrx_word' id='word_1_131' title='bbox 610 1074 750 1113; x_wconf 89' lang='lat' dir='ltr'><strong>veritas</strong></span> <span class='ocrx_word' id='word_1_132' title='bbox 783 1087 853 1124; x_wconf 92' lang='lat' dir='ltr'><strong>per</strong></span> <span class='ocrx_word' id='word_1_133' title='bbox 887 1075 1060 1122; x_wconf 86' lang='lat' dir='ltr'><strong>eosdem,</strong></span> <span class='ocrx_word' id='word_1_134' title='bbox 1084 1083 1143 1114; x_wconf 88' lang='lat' dir='ltr'><strong>set</strong></span> <span class='ocrx_word' id='word_1_135' title='bbox 1175 1075 1333 1125; x_wconf 89' lang='lat' dir='ltr'><strong>ponitur</strong></span> <span class='ocrx_word' id='word_1_136' title='bbox 1366 1074 1406 1113; x_wconf 92' lang='lat' dir='ltr'><strong>in</strong></span> <span class='ocrx_word' id='word_1_137' title='bbox 1440 1081 1662 1124; x_wconf 90' lang='lat' dir='ltr'><strong>respectum</strong></span> <span class='ocrx_word' id='word_1_138' title='bbox 1695 1085 1821 1122; x_wconf 87' lang='lat' dir='ltr'><strong>usque</strong></span> 
     </span>
     <span class='ocr_line' id='line_1_15' title="bbox 228 1138 1820 1190; baseline -0.001 -13"><span class='ocrx_word' id='word_1_139' title='bbox 228 1138 335 1178; x_wconf 87' lang='lat' dir='ltr'><strong>diem</strong></span> <span class='ocrx_word' id='word_1_140' title='bbox 356 1141 470 1178; x_wconf 91' lang='lat' dir='ltr'><strong>Lune</strong></span> <span class='ocrx_word' id='word_1_141' title='bbox 491 1139 712 1189; x_wconf 84' lang='lat' dir='ltr'><strong>proximum</strong></span> <span class='ocrx_word' id='word_1_142' title='bbox 732 1146 823 1189; x_wconf 90' lang='lat' dir='ltr'><strong>post</strong></span> <span class='ocrx_word' id='word_1_143' title='bbox 844 1140 987 1178; x_wconf 90' lang='lat' dir='ltr'><strong>festum</strong></span> <span class='ocrx_word' id='word_1_144' title='bbox 1009 1140 1142 1179; x_wconf 88' lang='lat' dir='ltr'><strong>Sancti</strong></span> <span class='ocrx_word' id='word_1_145' title='bbox 1165 1140 1320 1179; x_wconf 87' lang='lat' dir='ltr'><strong>Mathei</strong></span> <span class='ocrx_word' id='word_1_146' title='bbox 1339 1139 1511 1190; x_wconf 87' lang='lat' dir='ltr'><strong>apostoli</strong></span> <span class='ocrx_word' id='word_1_147' title='bbox 1542 1138 1618 1184; x_wconf 83' lang='lat' dir='ltr'><strong>hic,</strong></span> <span class='ocrx_word' id='word_1_148' title='bbox 1641 1151 1689 1176; x_wconf 94' lang='lat' dir='ltr'><strong>eo</strong></span> <span class='ocrx_word' id='word_1_149' title='bbox 1710 1138 1820 1187; x_wconf 86' lang='lat' dir='ltr'><strong>quod</strong></span> 
     </span>
     <span class='ocr_line' id='line_1_16' title="bbox 227 1201 1820 1255; baseline -0.001 -14"><span class='ocrx_word' id='word_1_150' title='bbox 227 1203 392 1242; x_wconf 90' lang='lat' dir='ltr'><strong>ministri</strong></span> <span class='ocrx_word' id='word_1_151' title='bbox 414 1203 580 1254; x_wconf 86' lang='lat' dir='ltr'><strong>predicti</strong></span> <span class='ocrx_word' id='word_1_152' title='bbox 601 1204 804 1254; x_wconf 88' lang='lat' dir='ltr'><strong>pecierunt</strong></span> <span class='ocrx_word' id='word_1_153' title='bbox 824 1217 847 1242; x_wconf 89' lang='lat' dir='ltr'><strong>a</strong></span> <span class='ocrx_word' id='word_1_154' title='bbox 861 1203 1093 1253; x_wconf 88' lang='lat' dir='ltr'><strong>Justiciariis</strong></span> <span class='ocrx_word' id='word_1_155' title='bbox 1114 1206 1224 1255; x_wconf 93' lang='lat' dir='ltr'><strong>quod</strong></span> <span class='ocrx_word' id='word_1_156' title='bbox 1245 1205 1371 1244; x_wconf 91' lang='lat' dir='ltr'><strong>visum</strong></span> <span class='ocrx_word' id='word_1_157' title='bbox 1400 1206 1573 1243; x_wconf 89' lang='lat' dir='ltr'><strong>habeant</strong></span> <span class='ocrx_word' id='word_1_158' title='bbox 1602 1204 1653 1242; x_wconf 92' lang='lat' dir='ltr'><strong>de</strong></span> <span class='ocrx_word' id='word_1_159' title='bbox 1687 1201 1820 1241; x_wconf 87' lang='lat' dir='ltr'><strong>divisis</strong></span> 
     </span>
     <span class='ocr_line' id='line_1_17' title="bbox 228 1266 1819 1320; baseline -0.001 -13"><span class='ocrx_word' id='word_1_160' title='bbox 228 1268 413 1319; x_wconf 89' lang='lat' dir='ltr'><strong>predictis</strong></span> <span class='ocrx_word' id='word_1_161' title='bbox 447 1269 674 1319; x_wconf 88' lang='lat' dir='ltr'><strong>priusquam</strong></span> <span class='ocrx_word' id='word_1_162' title='bbox 709 1268 951 1308; x_wconf 85' lang='lat' dir='ltr'><strong>veredictum</strong></span> <span class='ocrx_word' id='word_1_163' title='bbox 985 1269 1206 1319; x_wconf 87' lang='lat' dir='ltr'><strong>predictum</strong></span> <span class='ocrx_word' id='word_1_164' title='bbox 1242 1269 1452 1320; x_wconf 89' lang='lat' dir='ltr'><strong>psallerint.</strong></span> <span class='ocrx_word' id='word_1_165' title='bbox 1512 1271 1563 1307; x_wconf 89' lang='lat' dir='ltr'><strong>Et</strong></span> <span class='ocrx_word' id='word_1_166' title='bbox 1597 1267 1704 1306; x_wconf 89' lang='lat' dir='ltr'><strong>idern</strong></span> <span class='ocrx_word' id='word_1_167' title='bbox 1735 1266 1819 1306; x_wconf 92' lang='lat' dir='ltr'><strong>dies</strong></span> 
     </span>
     <span class='ocr_line' id='line_1_18' title="bbox 229 1332 1819 1384; baseline -0.001 -12"><span class='ocrx_word' id='word_1_168' title='bbox 229 1335 343 1372; x_wconf 88' lang='lat' dir='ltr'><strong>datus</strong></span> <span class='ocrx_word' id='word_1_169' title='bbox 364 1341 421 1373; x_wconf 89' lang='lat' dir='ltr'><strong>est</strong></span> <span class='ocrx_word' id='word_1_170' title='bbox 441 1336 592 1384; x_wconf 86' lang='lat' dir='ltr'><strong>prefato</strong></span> <span class='ocrx_word' id='word_1_171' title='bbox 614 1333 802 1372; x_wconf 89' lang='lat' dir='ltr'><strong>Gilberto.</strong></span> <span class='ocrx_word' id='word_1_172' title='bbox 861 1335 927 1373; x_wconf 91' lang='lat' dir='ltr'><strong>Ad</strong></span> <span class='ocrx_word' id='word_1_173' title='bbox 948 1347 1065 1384; x_wconf 89' lang='lat' dir='ltr'><strong>quern</strong></span> <span class='ocrx_word' id='word_1_174' title='bbox 1087 1334 1194 1373; x_wconf 89' lang='lat' dir='ltr'><strong>diem</strong></span> <span class='ocrx_word' id='word_1_175' title='bbox 1214 1347 1346 1372; x_wconf 90' lang='lat' dir='ltr'><strong>coram</strong></span> <span class='ocrx_word' id='word_1_176' title='bbox 1369 1333 1527 1384; x_wconf 88' lang='lat' dir='ltr'><strong>prefatis</strong></span> <span class='ocrx_word' id='word_1_177' title='bbox 1563 1332 1736 1371; x_wconf 88' lang='lat' dir='ltr'><strong>Ricardo</strong></span> <span class='ocrx_word' id='word_1_178' title='bbox 1768 1333 1819 1370; x_wconf 91' lang='lat' dir='ltr'><strong>de</strong></span> 
     </span>
     <span class='ocr_line' id='line_1_19' title="bbox 229 1396 1819 1449; baseline 0.001 -16"><span class='ocrx_word' id='word_1_179' title='bbox 229 1399 453 1449; x_wconf 88' lang='lat' dir='ltr'><strong>Wylughby</strong></span> <span class='ocrx_word' id='word_1_180' title='bbox 491 1405 530 1437; x_wconf 92' lang='lat' dir='ltr'><strong>et</strong></span> <span class='ocrx_word' id='word_1_181' title='bbox 568 1399 751 1448; x_wconf 89' lang='lat' dir='ltr'><strong>Johanne</strong></span> <span class='ocrx_word' id='word_1_182' title='bbox 785 1399 837 1437; x_wconf 93' lang='lat' dir='ltr'><strong>de</strong></span> <span class='ocrx_word' id='word_1_183' title='bbox 872 1400 1079 1449; x_wconf 88' lang='lat' dir='ltr'><strong>Hambury</strong></span> <span class='ocrx_word' id='word_1_184' title='bbox 1111 1399 1343 1449; x_wconf 76' lang='lat' dir='ltr'><strong>justiciariis</strong></span> <span class='ocrx_word' id='word_1_185' title='bbox 1375 1406 1448 1437; x_wconf 89' lang='lat' dir='ltr'><strong>etc.</strong></span> <span class='ocrx_word' id='word_1_186' title='bbox 1482 1397 1589 1437; x_wconf 91' lang='lat' dir='ltr'><strong>venit</strong></span> <span class='ocrx_word' id='word_1_187' title='bbox 1620 1396 1819 1447; x_wconf 87' lang='lat' dir='ltr'><strong>predictus</strong></span> 
     </span>
     <span class='ocr_line' id='line_1_20' title="bbox 230 1461 1821 1513; baseline -0.001 -11"><span class='ocrx_word' id='word_1_188' title='bbox 230 1462 430 1502; x_wconf 90' lang='lat' dir='ltr'><strong>Gilbertus</strong></span> <span class='ocrx_word' id='word_1_189' title='bbox 468 1476 538 1513; x_wconf 91' lang='lat' dir='ltr'><strong>per</strong></span> <span class='ocrx_word' id='word_1_190' title='bbox 569 1462 786 1501; x_wconf 86' lang='lat' dir='ltr'><strong>Ricardum</strong></span> <span class='ocrx_word' id='word_1_191' title='bbox 827 1463 878 1502; x_wconf 93' lang='lat' dir='ltr'><strong>de</strong></span> <span class='ocrx_word' id='word_1_192' title='bbox 917 1465 1092 1502; x_wconf 90' lang='lat' dir='ltr'><strong>Naulton</strong></span> <span class='ocrx_word' id='word_1_193' title='bbox 1130 1471 1369 1503; x_wconf 90' lang='lat' dir='ltr'><strong>attornatum</strong></span> <span class='ocrx_word' id='word_1_194' title='bbox 1408 1477 1534 1511; x_wconf 89' lang='lat' dir='ltr'><strong>suum,</strong></span> <span class='ocrx_word' id='word_1_195' title='bbox 1566 1471 1605 1502; x_wconf 90' lang='lat' dir='ltr'><strong>et</strong></span> <span class='ocrx_word' id='word_1_196' title='bbox 1643 1461 1821 1501; x_wconf 91' lang='lat' dir='ltr'><strong>similiter</strong></span> 
     </span>
     <span class='ocr_line' id='line_1_21' title="bbox 228 1527 1820 1578; baseline -0.001 -13"><span class='ocrx_word' id='word_1_197' title='bbox 228 1527 394 1566; x_wconf 90' lang='lat' dir='ltr'><strong>ministri</strong></span> <span class='ocrx_word' id='word_1_198' title='bbox 414 1536 613 1567; x_wconf 88' lang='lat' dir='ltr'><strong>venerunt.</strong></span> <span class='ocrx_word' id='word_1_199' title='bbox 675 1527 755 1577; x_wconf 85' lang='lat' dir='ltr'><strong>Qui</strong></span> <span class='ocrx_word' id='word_1_200' title='bbox 783 1529 835 1566; x_wconf 92' lang='lat' dir='ltr'><strong>ad</strong></span> <span class='ocrx_word' id='word_1_201' title='bbox 866 1529 944 1566; x_wconf 92' lang='lat' dir='ltr'><strong>hoc</strong></span> <span class='ocrx_word' id='word_1_202' title='bbox 975 1528 1093 1578; x_wconf 84' lang='lat' dir='ltr'><strong>jurati</strong></span> <span class='ocrx_word' id='word_1_203' title='bbox 1124 1536 1162 1568; x_wconf 91' lang='lat' dir='ltr'><strong>et</strong></span> <span class='ocrx_word' id='word_1_204' title='bbox 1196 1528 1347 1568; x_wconf 86' lang='lat' dir='ltr'><strong>onerati</strong></span> <span class='ocrx_word' id='word_1_205' title='bbox 1381 1528 1518 1567; x_wconf 89' lang='lat' dir='ltr'><strong>dicunt</strong></span> <span class='ocrx_word' id='word_1_206' title='bbox 1552 1540 1669 1577; x_wconf 90' lang='lat' dir='ltr'><strong>super</strong></span> <span class='ocrx_word' id='word_1_207' title='bbox 1697 1539 1820 1565; x_wconf 89' lang='lat' dir='ltr'><strong>sacra-</strong></span> 
     </span>
     <span class='ocr_line' id='line_1_22' title="bbox 229 1591 1818 1643; baseline -0.001 -12"><span class='ocrx_word' id='word_1_208' title='bbox 229 1601 435 1632; x_wconf 89' lang='lat' dir='ltr'><strong>mentuum</strong></span> <span class='ocrx_word' id='word_1_209' title='bbox 456 1606 568 1631; x_wconf 91' lang='lat' dir='ltr'><strong>suum</strong></span> <span class='ocrx_word' id='word_1_210' title='bbox 590 1595 699 1643; x_wconf 89' lang='lat' dir='ltr'><strong>quod</strong></span> <span class='ocrx_word' id='word_1_211' title='bbox 719 1593 826 1632; x_wconf 90' lang='lat' dir='ltr'><strong>idem</strong></span> <span class='ocrx_word' id='word_1_212' title='bbox 848 1593 1048 1632; x_wconf 86' lang='lat' dir='ltr'><strong>Gilbertus</strong></span> <span class='ocrx_word' id='word_1_213' title='bbox 1069 1601 1107 1632; x_wconf 91' lang='lat' dir='ltr'><strong>et</strong></span> <span class='ocrx_word' id='word_1_214' title='bbox 1123 1607 1262 1632; x_wconf 84' lang='lat' dir='ltr'><strong>omnes</strong></span> <span class='ocrx_word' id='word_1_215' title='bbox 1278 1601 1546 1632; x_wconf 83' lang='lat' dir='ltr'><strong>antecessores</strong></span> <span class='ocrx_word' id='word_1_216' title='bbox 1563 1591 1622 1630; x_wconf 90' lang='lat' dir='ltr'><strong>sui</strong></span> <span class='ocrx_word' id='word_1_217' title='bbox 1638 1598 1818 1630; x_wconf 90' lang='lat' dir='ltr'><strong>tenentes</strong></span> 
     </span>
     <span class='ocr_line' id='line_1_23' title="bbox 228 1655 1820 1708; baseline -0.002 -12"><span class='ocrx_word' id='word_1_218' title='bbox 228 1657 446 1696; x_wconf 88' lang='lat' dir='ltr'><strong>manerium</strong></span> <span class='ocrx_word' id='word_1_219' title='bbox 467 1658 688 1707; x_wconf 86' lang='lat' dir='ltr'><strong>predictum</strong></span> <span class='ocrx_word' id='word_1_220' title='bbox 710 1659 761 1696; x_wconf 91' lang='lat' dir='ltr'><strong>de</strong></span> <span class='ocrx_word' id='word_1_221' title='bbox 783 1660 1002 1708; x_wconf 89' lang='lat' dir='ltr'><strong>Brumpton</strong></span> <span class='ocrx_word' id='word_1_222' title='bbox 1022 1672 1045 1696; x_wconf 93' lang='lat' dir='ltr'><strong>a</strong></span> <span class='ocrx_word' id='word_1_223' title='bbox 1065 1666 1243 1708; x_wconf 89' lang='lat' dir='ltr'><strong>ternpore</strong></span> <span class='ocrx_word' id='word_1_224' title='bbox 1272 1671 1352 1708; x_wconf 87' lang='lat' dir='ltr'><strong>quo</strong></span> <span class='ocrx_word' id='word_1_225' title='bbox 1382 1671 1463 1697; x_wconf 93' lang='lat' dir='ltr'><strong>non</strong></span> <span class='ocrx_word' id='word_1_226' title='bbox 1493 1664 1598 1697; x_wconf 83' lang='lat' dir='ltr'><strong>extat</strong></span> <span class='ocrx_word' id='word_1_227' title='bbox 1627 1655 1820 1694; x_wconf 88' lang='lat' dir='ltr'><strong>memoria</strong></span> 
     </span>
     <span class='ocr_line' id='line_1_24' title="bbox 228 1720 1818 1772; baseline -0.002 -11"><span class='ocrx_word' id='word_1_228' title='bbox 228 1722 491 1761; x_wconf 91' lang='lat' dir='ltr'><strong>vendiderunt</strong></span> <span class='ocrx_word' id='word_1_229' title='bbox 511 1730 550 1760; x_wconf 88' lang='lat' dir='ltr'><strong>et</strong></span> <span class='ocrx_word' id='word_1_230' title='bbox 571 1723 766 1761; x_wconf 91' lang='lat' dir='ltr'><strong>dederunt</strong></span> <span class='ocrx_word' id='word_1_231' title='bbox 786 1722 952 1761; x_wconf 90' lang='lat' dir='ltr'><strong>boscum</strong></span> <span class='ocrx_word' id='word_1_232' title='bbox 975 1730 1054 1761; x_wconf 87' lang='lat' dir='ltr'><strong>tam</strong></span> <span class='ocrx_word' id='word_1_233' title='bbox 1075 1722 1242 1762; x_wconf 88' lang='lat' dir='ltr'><strong>viridem</strong></span> <span class='ocrx_word' id='word_1_234' title='bbox 1278 1736 1397 1772; x_wconf 85' lang='lat' dir='ltr'><strong>quarn</strong></span> <span class='ocrx_word' id='word_1_235' title='bbox 1431 1722 1580 1761; x_wconf 90' lang='lat' dir='ltr'><strong>siccum</strong></span> <span class='ocrx_word' id='word_1_236' title='bbox 1615 1721 1656 1759; x_wconf 91' lang='lat' dir='ltr'><strong>in</strong></span> <span class='ocrx_word' id='word_1_237' title='bbox 1687 1720 1818 1759; x_wconf 91' lang='lat' dir='ltr'><strong>boscis</strong></span> 
     </span>
     <span class='ocr_line' id='line_1_25' title="bbox 229 1785 1818 1838; baseline -0.001 -13"><span class='ocrx_word' id='word_1_238' title='bbox 229 1787 309 1825; x_wconf 86' lang='lat' dir='ltr'><strong>suis</strong></span> <span class='ocrx_word' id='word_1_239' title='bbox 331 1788 381 1826; x_wconf 92' lang='lat' dir='ltr'><strong>de</strong></span> <span class='ocrx_word' id='word_1_240' title='bbox 415 1787 663 1825; x_wconf 89' lang='lat' dir='ltr'><strong>Troucedale</strong></span> <span class='ocrx_word' id='word_1_241' title='bbox 697 1799 831 1825; x_wconf 90' lang='lat' dir='ltr'><strong>versus</strong></span> <span class='ocrx_word' id='word_1_242' title='bbox 865 1786 1017 1825; x_wconf 88' lang='lat' dir='ltr'><strong>boriam</strong></span> <span class='ocrx_word' id='word_1_243' title='bbox 1051 1800 1120 1837; x_wconf 90' lang='lat' dir='ltr'><strong>per</strong></span> <span class='ocrx_word' id='word_1_244' title='bbox 1153 1787 1297 1826; x_wconf 90' lang='lat' dir='ltr'><strong>divisas</strong></span> <span class='ocrx_word' id='word_1_245' title='bbox 1331 1787 1527 1838; x_wconf 87' lang='lat' dir='ltr'><strong>predictas</strong></span> <span class='ocrx_word' id='word_1_246' title='bbox 1561 1793 1677 1837; x_wconf 89' lang='lat' dir='ltr'><strong>prout</strong></span> <span class='ocrx_word' id='word_1_247' title='bbox 1711 1785 1818 1824; x_wconf 91' lang='lat' dir='ltr'><strong>idem</strong></span> 
     </span>
     <span class='ocr_line' id='line_1_26' title="bbox 228 1850 1817 1903; baseline -0.001 -14"><span class='ocrx_word' id='word_1_248' title='bbox 228 1850 427 1890; x_wconf 90' lang='lat' dir='ltr'><strong>Gilbertus</strong></span> <span class='ocrx_word' id='word_1_249' title='bbox 447 1850 623 1901; x_wconf 89' lang='lat' dir='ltr'><strong>superius</strong></span> <span class='ocrx_word' id='word_1_250' title='bbox 644 1853 797 1890; x_wconf 87' lang='lat' dir='ltr'><strong>clamat.</strong></span> <span class='ocrx_word' id='word_1_251' title='bbox 857 1852 957 1890; x_wconf 92' lang='lat' dir='ltr'><strong>Ideo</strong></span> <span class='ocrx_word' id='word_1_252' title='bbox 978 1853 1270 1892; x_wconf 86' lang='lat' dir='ltr'><strong>consideratum</strong></span> <span class='ocrx_word' id='word_1_253' title='bbox 1291 1860 1349 1892; x_wconf 89' lang='lat' dir='ltr'><strong>est</strong></span> <span class='ocrx_word' id='word_1_254' title='bbox 1370 1853 1479 1903; x_wconf 86' lang='lat' dir='ltr'><strong>quod</strong></span> <span class='ocrx_word' id='word_1_255' title='bbox 1495 1851 1602 1891; x_wconf 87' lang='lat' dir='ltr'><strong>idem</strong></span> <span class='ocrx_word' id='word_1_256' title='bbox 1616 1852 1817 1890; x_wconf 89' lang='lat' dir='ltr'><strong>Gilbertus</strong></span> 
     </span>
     <span class='ocr_line' id='line_1_27' title="bbox 229 1916 1105 1966; baseline -0.001 -10"><span class='ocrx_word' id='word_1_257' title='bbox 229 1925 291 1956; x_wconf 89' lang='lat' dir='ltr'><strong>eat</strong></span> <span class='ocrx_word' id='word_1_258' title='bbox 311 1917 405 1956; x_wconf 91' lang='lat' dir='ltr'><strong>inde</strong></span> <span class='ocrx_word' id='word_1_259' title='bbox 425 1917 508 1955; x_wconf 88' lang='lat' dir='ltr'><strong>sine</strong></span> <span class='ocrx_word' id='word_1_260' title='bbox 528 1916 604 1964; x_wconf 87' lang='lat' dir='ltr'><strong>die,</strong></span> <span class='ocrx_word' id='word_1_261' title='bbox 626 1918 733 1955; x_wconf 85' lang='lat' dir='ltr'><strong>salvo</strong></span> <span class='ocrx_word' id='word_1_262' title='bbox 754 1929 909 1966; x_wconf 89' lang='lat' dir='ltr'><strong>semper</strong></span> <span class='ocrx_word' id='word_1_263' title='bbox 926 1917 1012 1966; x_wconf 88' lang='lat' dir='ltr'><strong>jure</strong></span> <span class='ocrx_word' id='word_1_264' title='bbox 1033 1924 1105 1955; x_wconf 85' lang='lat' dir='ltr'><strong>etc.</strong></span> 
     </span>
    </p>

    <p class='ocr_par' dir='ltr' id='par_1_3' title="bbox 284 1980 1817 2031">
     <span class='ocr_line' id='line_1_28' title="bbox 284 1980 1817 2031; baseline -0.002 -11"><span class='ocrx_word' id='word_1_265' title='bbox 284 1984 469 2021; x_wconf 86' lang='lat' dir='ltr'><strong>Decanus</strong></span> <span class='ocrx_word' id='word_1_266' title='bbox 507 1989 546 2020; x_wconf 90' lang='lat' dir='ltr'><strong>et</strong></span> <span class='ocrx_word' id='word_1_267' title='bbox 587 1980 814 2031; x_wconf 88' lang='lat' dir='ltr'><strong>Capitulum</strong></span> <span class='ocrx_word' id='word_1_268' title='bbox 848 1981 1014 2020; x_wconf 80' lang='lat' dir='ltr'><strong>ecclesie</strong></span> <span class='ocrx_word' id='word_1_269' title='bbox 1047 1981 1152 2020; x_wconf 85' lang='lat' dir='ltr'><strong>beati</strong></span> <span class='ocrx_word' id='word_1_270' title='bbox 1186 1981 1291 2021; x_wconf 90' lang='lat' dir='ltr'><strong>Petri</strong></span> <span class='ocrx_word' id='word_1_271' title='bbox 1330 1980 1593 2020; x_wconf 90' lang='lat' dir='ltr'><strong>Eboracensis</strong></span> <span class='ocrx_word' id='word_1_272' title='bbox 1644 1981 1817 2018; x_wconf 87' lang='lat' dir='ltr'><strong>clamant</strong></span> 
     </span>
    </p>
   </div>
   <div class='ocr_carea' id='block_1_3' title="bbox 436 2064 1772 2075">
    <p class='ocr_par' dir='ltr' id='par_1_4' title="bbox 436 2064 1772 2075">
     <span class='ocr_line' id='line_1_29' title="bbox 436 2064 1772 2075; baseline 0 0"><span class='ocrx_word' id='word_1_273' title='bbox 436 2064 1772 2075; x_wconf 95' lang='lat' dir='ltr'><strong> </strong></span> 
     </span>
    </p>
   </div>
   <div class='ocr_carea' id='block_1_4' title="bbox 225 2110 1816 3054">
    <p class='ocr_par' dir='ltr' id='par_1_5' title="bbox 225 2110 1816 3054">
     <span class='ocr_line' id='line_1_30' title="bbox 228 2110 1816 2162; baseline -0.001 -11"><span class='ocrx_word' id='word_1_274' title='bbox 228 2120 343 2151; x_wconf 89' lang='lat' dir='ltr'><strong>stone</strong></span> <span class='ocrx_word' id='word_1_275' title='bbox 363 2111 545 2162; x_wconf 88' lang='lat' dir='ltr'><strong>opposite</strong></span> <span class='ocrx_word' id='word_1_276' title='bbox 566 2111 632 2150; x_wconf 91' lang='lat' dir='ltr'><strong>the</strong></span> <span class='ocrx_word' id='word_1_277' title='bbox 653 2110 772 2149; x_wconf 86' lang='lat' dir='ltr'><strong>Birch</strong></span> <span class='ocrx_word' id='word_1_278' title='bbox 793 2112 896 2150; x_wconf 88' lang='lat' dir='ltr'><strong>Tree</strong></span> <span class='ocrx_word' id='word_1_279' title='bbox 927 2112 1105 2150; x_wconf 87' lang='lat' dir='ltr'><strong>between</strong></span> <span class='ocrx_word' id='word_1_280' title='bbox 1136 2112 1204 2150; x_wconf 91' lang='lat' dir='ltr'><strong>the</strong></span> <span class='ocrx_word' id='word_1_281' title='bbox 1237 2111 1356 2149; x_wconf 87' lang='lat' dir='ltr'><strong>Birch</strong></span> <span class='ocrx_word' id='word_1_282' title='bbox 1385 2113 1487 2150; x_wconf 92' lang='lat' dir='ltr'><strong>Tree</strong></span> <span class='ocrx_word' id='word_1_283' title='bbox 1508 2112 1588 2149; x_wconf 91' lang='lat' dir='ltr'><strong>and</strong></span> <span class='ocrx_word' id='word_1_284' title='bbox 1610 2111 1816 2160; x_wconf 86' lang='lat' dir='ltr'><strong>Blackleys</strong></span> 
     </span>
     <span class='ocr_line' id='line_1_31' title="bbox 229 2174 1814 2226; baseline -0.002 -10"><span class='ocrx_word' id='word_1_285' title='bbox 229 2190 330 2225; x_wconf 88' lang='lat' dir='ltr'><strong>ness,</strong></span> <span class='ocrx_word' id='word_1_286' title='bbox 352 2178 496 2216; x_wconf 89' lang='lat' dir='ltr'><strong>thence</strong></span> <span class='ocrx_word' id='word_1_287' title='bbox 517 2177 568 2225; x_wconf 89' lang='lat' dir='ltr'><strong>by</strong></span> <span class='ocrx_word' id='word_1_288' title='bbox 596 2189 618 2214; x_wconf 91' lang='lat' dir='ltr'><strong>a</strong></span> <span class='ocrx_word' id='word_1_289' title='bbox 652 2174 815 2225; x_wconf 88' lang='lat' dir='ltr'><strong>straight</strong></span> <span class='ocrx_word' id='word_1_290' title='bbox 844 2176 940 2225; x_wconf 90' lang='lat' dir='ltr'><strong>path</strong></span> <span class='ocrx_word' id='word_1_291' title='bbox 975 2183 1015 2214; x_wconf 88' lang='lat' dir='ltr'><strong>to</strong></span> <span class='ocrx_word' id='word_1_292' title='bbox 1045 2177 1112 2215; x_wconf 92' lang='lat' dir='ltr'><strong>the</strong></span> <span class='ocrx_word' id='word_1_293' title='bbox 1146 2183 1230 2215; x_wconf 91' lang='lat' dir='ltr'><strong>east</strong></span> <span class='ocrx_word' id='word_1_294' title='bbox 1263 2177 1344 2215; x_wconf 91' lang='lat' dir='ltr'><strong>end</strong></span> <span class='ocrx_word' id='word_1_295' title='bbox 1382 2178 1428 2215; x_wconf 87' lang='lat' dir='ltr'><strong>of</strong></span> <span class='ocrx_word' id='word_1_296' title='bbox 1461 2177 1669 2226; x_wconf 88' lang='lat' dir='ltr'><strong>Blackleys</strong></span> <span class='ocrx_word' id='word_1_297' title='bbox 1699 2176 1814 2225; x_wconf 89' lang='lat' dir='ltr'><strong>dyke,</strong></span> 
     </span>
     <span class='ocr_line' id='line_1_32' title="bbox 228 2239 1816 2291; baseline -0.002 -11"><span class='ocrx_word' id='word_1_298' title='bbox 228 2242 372 2280; x_wconf 86' lang='lat' dir='ltr'><strong>thence</strong></span> <span class='ocrx_word' id='word_1_299' title='bbox 392 2242 510 2290; x_wconf 86' lang='lat' dir='ltr'><strong>along</strong></span> <span class='ocrx_word' id='word_1_300' title='bbox 530 2241 597 2278; x_wconf 88' lang='lat' dir='ltr'><strong>the</strong></span> <span class='ocrx_word' id='word_1_301' title='bbox 617 2240 721 2289; x_wconf 89' lang='lat' dir='ltr'><strong>dyke</strong></span> <span class='ocrx_word' id='word_1_302' title='bbox 741 2252 783 2277; x_wconf 89' lang='lat' dir='ltr'><strong>as</strong></span> <span class='ocrx_word' id='word_1_303' title='bbox 804 2239 833 2277; x_wconf 86' lang='lat' dir='ltr'><strong>it</strong></span> <span class='ocrx_word' id='word_1_304' title='bbox 852 2252 948 2289; x_wconf 89' lang='lat' dir='ltr'><strong>goes</strong></span> <span class='ocrx_word' id='word_1_305' title='bbox 977 2241 1077 2278; x_wconf 86' lang='lat' dir='ltr'><strong>from</strong></span> <span class='ocrx_word' id='word_1_306' title='bbox 1106 2248 1190 2279; x_wconf 90' lang='lat' dir='ltr'><strong>east</strong></span> <span class='ocrx_word' id='word_1_307' title='bbox 1224 2248 1266 2279; x_wconf 88' lang='lat' dir='ltr'><strong>to</strong></span> <span class='ocrx_word' id='word_1_308' title='bbox 1297 2248 1392 2280; x_wconf 90' lang='lat' dir='ltr'><strong>west</strong></span> <span class='ocrx_word' id='word_1_309' title='bbox 1415 2254 1469 2291; x_wconf 87' lang='lat' dir='ltr'><strong>up</strong></span> <span class='ocrx_word' id='word_1_310' title='bbox 1490 2249 1531 2279; x_wconf 91' lang='lat' dir='ltr'><strong>to</strong></span> <span class='ocrx_word' id='word_1_311' title='bbox 1553 2254 1576 2279; x_wconf 91' lang='lat' dir='ltr'><strong>a</strong></span> <span class='ocrx_word' id='word_1_312' title='bbox 1596 2241 1690 2290; x_wconf 91' lang='lat' dir='ltr'><strong>path</strong></span> <span class='ocrx_word' id='word_1_313' title='bbox 1711 2240 1816 2291; x_wconf 88' lang='lat' dir='ltr'><strong>lying</strong></span> 
     </span>
     <span class='ocr_line' id='line_1_33' title="bbox 229 2305 1816 2355; baseline -0.002 -10"><span class='ocrx_word' id='word_1_314' title='bbox 229 2319 283 2345; x_wconf 92' lang='lat' dir='ltr'><strong>on</strong></span> <span class='ocrx_word' id='word_1_315' title='bbox 303 2306 371 2344; x_wconf 89' lang='lat' dir='ltr'><strong>the</strong></span> <span class='ocrx_word' id='word_1_316' title='bbox 391 2306 507 2343; x_wconf 89' lang='lat' dir='ltr'><strong>south</strong></span> <span class='ocrx_word' id='word_1_317' title='bbox 528 2305 573 2342; x_wconf 89' lang='lat' dir='ltr'><strong>of</strong></span> <span class='ocrx_word' id='word_1_318' title='bbox 602 2306 743 2342; x_wconf 88' lang='lat' dir='ltr'><strong>Brown</strong></span> <span class='ocrx_word' id='word_1_319' title='bbox 780 2306 940 2350; x_wconf 85' lang='lat' dir='ltr'><strong>Howes‚</strong></span> <span class='ocrx_word' id='word_1_320' title='bbox 975 2305 1119 2343; x_wconf 88' lang='lat' dir='ltr'><strong>thence</strong></span> <span class='ocrx_word' id='word_1_321' title='bbox 1150 2305 1400 2354; x_wconf 86' lang='lat' dir='ltr'><strong>descending</strong></span> <span class='ocrx_word' id='word_1_322' title='bbox 1430 2306 1482 2354; x_wconf 89' lang='lat' dir='ltr'><strong>by</strong></span> <span class='ocrx_word' id='word_1_323' title='bbox 1502 2305 1588 2343; x_wconf 89' lang='lat' dir='ltr'><strong>that</strong></span> <span class='ocrx_word' id='word_1_324' title='bbox 1608 2305 1704 2355; x_wconf 89' lang='lat' dir='ltr'><strong>path</strong></span> <span class='ocrx_word' id='word_1_325' title='bbox 1723 2318 1766 2343; x_wconf 92' lang='lat' dir='ltr'><strong>as</strong></span> <span class='ocrx_word' id='word_1_326' title='bbox 1786 2305 1816 2343; x_wconf 91' lang='lat' dir='ltr'><strong>it</strong></span> 
     </span>
     <span class='ocr_line' id='line_1_34' title="bbox 227 2367 1815 2419; baseline -0.001 -11"><span class='ocrx_word' id='word_1_327' title='bbox 227 2371 337 2409; x_wconf 88' lang='lat' dir='ltr'><strong>leads</strong></span> <span class='ocrx_word' id='word_1_328' title='bbox 366 2376 408 2408; x_wconf 90' lang='lat' dir='ltr'><strong>to</strong></span> <span class='ocrx_word' id='word_1_329' title='bbox 437 2370 504 2408; x_wconf 90' lang='lat' dir='ltr'><strong>the</strong></span> <span class='ocrx_word' id='word_1_330' title='bbox 534 2369 640 2407; x_wconf 85' lang='lat' dir='ltr'><strong>brow</strong></span> <span class='ocrx_word' id='word_1_331' title='bbox 669 2369 715 2406; x_wconf 88' lang='lat' dir='ltr'><strong>of</strong></span> <span class='ocrx_word' id='word_1_332' title='bbox 743 2368 946 2406; x_wconf 89' lang='lat' dir='ltr'><strong>Goderick</strong></span> <span class='ocrx_word' id='word_1_333' title='bbox 975 2367 1065 2415; x_wconf 90' lang='lat' dir='ltr'><strong>Gill,</strong></span> <span class='ocrx_word' id='word_1_334' title='bbox 1101 2369 1245 2407; x_wconf 87' lang='lat' dir='ltr'><strong>thence</strong></span> <span class='ocrx_word' id='word_1_335' title='bbox 1283 2369 1528 2419; x_wconf 90' lang='lat' dir='ltr'><strong>descending</strong></span> <span class='ocrx_word' id='word_1_336' title='bbox 1565 2371 1616 2419; x_wconf 91' lang='lat' dir='ltr'><strong>by</strong></span> <span class='ocrx_word' id='word_1_337' title='bbox 1650 2371 1718 2408; x_wconf 93' lang='lat' dir='ltr'><strong>the</strong></span> <span class='ocrx_word' id='word_1_338' title='bbox 1755 2368 1815 2407; x_wconf 90' lang='lat' dir='ltr'><strong>rill</strong></span> 
     </span>
     <span class='ocr_line' id='line_1_35' title="bbox 228 2433 1812 2485; baseline -0.001 -12"><span class='ocrx_word' id='word_1_339' title='bbox 228 2435 398 2485; x_wconf 83' lang='lat' dir='ltr'><strong>through</strong></span> <span class='ocrx_word' id='word_1_340' title='bbox 418 2435 484 2473; x_wconf 91' lang='lat' dir='ltr'><strong>the</strong></span> <span class='ocrx_word' id='word_1_341' title='bbox 507 2434 657 2472; x_wconf 88' lang='lat' dir='ltr'><strong>middle</strong></span> <span class='ocrx_word' id='word_1_342' title='bbox 677 2435 722 2471; x_wconf 91' lang='lat' dir='ltr'><strong>of</strong></span> <span class='ocrx_word' id='word_1_343' title='bbox 738 2433 938 2472; x_wconf 88' lang='lat' dir='ltr'><strong>Goderick</strong></span> <span class='ocrx_word' id='word_1_344' title='bbox 959 2433 1038 2472; x_wconf 91' lang='lat' dir='ltr'><strong>Gill</strong></span> <span class='ocrx_word' id='word_1_345' title='bbox 1069 2446 1122 2483; x_wconf 88' lang='lat' dir='ltr'><strong>up</strong></span> <span class='ocrx_word' id='word_1_346' title='bbox 1152 2440 1193 2472; x_wconf 90' lang='lat' dir='ltr'><strong>to</strong></span> <span class='ocrx_word' id='word_1_347' title='bbox 1226 2433 1487 2481; x_wconf 90' lang='lat' dir='ltr'><strong>Braithwaite‚</strong></span> <span class='ocrx_word' id='word_1_348' title='bbox 1510 2435 1638 2472; x_wconf 87' lang='lat' dir='ltr'><strong>where</strong></span> <span class='ocrx_word' id='word_1_349' title='bbox 1667 2433 1697 2472; x_wconf 89' lang='lat' dir='ltr'><strong>it</strong></span> <span class='ocrx_word' id='word_1_350' title='bbox 1726 2435 1812 2473; x_wconf 88' lang='lat' dir='ltr'><strong>falls</strong></span> 
     </span>
     <span class='ocr_line' id='line_1_36' title="bbox 227 2497 1814 2547; baseline -0.001 -9"><span class='ocrx_word' id='word_1_351' title='bbox 227 2500 313 2538; x_wconf 88' lang='lat' dir='ltr'><strong>into</strong></span> <span class='ocrx_word' id='word_1_352' title='bbox 347 2499 588 2537; x_wconf 85' lang='lat' dir='ltr'><strong>Troutsdale</strong></span> <span class='ocrx_word' id='word_1_353' title='bbox 616 2498 730 2536; x_wconf 86' lang='lat' dir='ltr'><strong>beck.</strong></span> <span class='ocrx_word' id='word_1_354' title='bbox 817 2499 885 2536; x_wconf 93' lang='lat' dir='ltr'><strong>He</strong></span> <span class='ocrx_word' id='word_1_355' title='bbox 916 2497 947 2535; x_wconf 90' lang='lat' dir='ltr'><strong>is</strong></span> <span class='ocrx_word' id='word_1_356' title='bbox 981 2499 1100 2547; x_wconf 86' lang='lat' dir='ltr'><strong>ready</strong></span> <span class='ocrx_word' id='word_1_357' title='bbox 1131 2505 1173 2536; x_wconf 88' lang='lat' dir='ltr'><strong>to</strong></span> <span class='ocrx_word' id='word_1_358' title='bbox 1207 2511 1329 2547; x_wconf 90' lang='lat' dir='ltr'><strong>prove</strong></span> <span class='ocrx_word' id='word_1_359' title='bbox 1363 2499 1447 2536; x_wconf 90' lang='lat' dir='ltr'><strong>that</strong></span> <span class='ocrx_word' id='word_1_360' title='bbox 1478 2498 1529 2537; x_wconf 91' lang='lat' dir='ltr'><strong>he</strong></span> <span class='ocrx_word' id='word_1_361' title='bbox 1558 2499 1639 2536; x_wconf 87' lang='lat' dir='ltr'><strong>and</strong></span> <span class='ocrx_word' id='word_1_362' title='bbox 1673 2499 1723 2536; x_wconf 90' lang='lat' dir='ltr'><strong>all</strong></span> <span class='ocrx_word' id='word_1_363' title='bbox 1753 2498 1814 2536; x_wconf 92' lang='lat' dir='ltr'><strong>his</strong></span> 
     </span>
     <span class='ocr_line' id='line_1_37' title="bbox 227 2562 1812 2613; baseline -0.003 -9"><span class='ocrx_word' id='word_1_364' title='bbox 227 2571 428 2604; x_wconf 87' lang='lat' dir='ltr'><strong>ancestors</strong></span> <span class='ocrx_word' id='word_1_365' title='bbox 448 2563 564 2601; x_wconf 93' lang='lat' dir='ltr'><strong>while</strong></span> <span class='ocrx_word' id='word_1_366' title='bbox 593 2562 758 2612; x_wconf 85' lang='lat' dir='ltr'><strong>holding</strong></span> <span class='ocrx_word' id='word_1_367' title='bbox 787 2562 853 2600; x_wconf 86' lang='lat' dir='ltr'><strong>the</strong></span> <span class='ocrx_word' id='word_1_368' title='bbox 874 2574 1013 2600; x_wconf 91' lang='lat' dir='ltr'><strong>manor</strong></span> <span class='ocrx_word' id='word_1_369' title='bbox 1046 2562 1093 2600; x_wconf 89' lang='lat' dir='ltr'><strong>of</strong></span> <span class='ocrx_word' id='word_1_370' title='bbox 1123 2563 1346 2611; x_wconf 81' lang='lat' dir='ltr'><strong>Brompton</strong></span> <span class='ocrx_word' id='word_1_371' title='bbox 1366 2563 1398 2600; x_wconf 87' lang='lat' dir='ltr'><strong>fr</strong></span> <span class='ocrx_word' id='word_1_372' title='bbox 1441 2610 1442 2613; x_wconf 11' lang='grc' dir='ltr'><strong>Ἰ</strong></span> <span class='ocrx_word' id='word_1_373' title='bbox 1487 2562 1584 2601; x_wconf 91' lang='lat' dir='ltr'><strong>time</strong></span> <span class='ocrx_word' id='word_1_374' title='bbox 1604 2562 1812 2601; x_wconf 80' lang='lat' dir='ltr'><strong>immerno-</strong></span> 
     </span>
     <span class='ocr_line' id='line_1_38' title="bbox 227 2575 1814 2681; baseline 0 -14"><span class='ocrx_word' id='word_1_375' title='bbox 227 2630 297 2668; x_wconf 90' lang='lat' dir='ltr'><strong>rial</strong></span> <span class='ocrx_word' id='word_1_376' title='bbox 317 2630 418 2667; x_wconf 92' lang='lat' dir='ltr'><strong>have</strong></span> <span class='ocrx_word' id='word_1_377' title='bbox 439 2628 526 2666; x_wconf 92' lang='lat' dir='ltr'><strong>sold</strong></span> <span class='ocrx_word' id='word_1_378' title='bbox 547 2628 626 2665; x_wconf 90' lang='lat' dir='ltr'><strong>and</strong></span> <span class='ocrx_word' id='word_1_379' title='bbox 646 2627 760 2675; x_wconf 87' lang='lat' dir='ltr'><strong>given</strong></span> <span class='ocrx_word' id='word_1_380' title='bbox 789 2639 897 2676; x_wconf 88' lang='lat' dir='ltr'><strong>away</strong></span> <span class='ocrx_word' id='word_1_381' title='bbox 925 2626 1022 2665; x_wconf 90' lang='lat' dir='ltr'><strong>both</strong></span> <span class='ocrx_word' id='word_1_382' title='bbox 1050 2639 1170 2676; x_wconf 88' lang='lat' dir='ltr'><strong>green</strong></span> <span class='ocrx_word' id='word_1_383' title='bbox 1201 2627 1281 2665; x_wconf 87' lang='lat' dir='ltr'><strong>and</strong></span> <span class='ocrx_word' id='word_1_384' title='bbox 1310 2627 1381 2676; x_wconf 91' lang='lat' dir='ltr'><strong>dry</strong></span> <span class='ocrx_word' id='word_1_385' title='bbox 1394 2575 1518 2681; x_wconf 42' lang='lat' dir='ltr'><strong>{god</strong></span> <span class='ocrx_word' id='word_1_386' title='bbox 1546 2626 1681 2666; x_wconf 86' lang='lat' dir='ltr'><strong>within</strong></span> <span class='ocrx_word' id='word_1_387' title='bbox 1701 2628 1814 2667; x_wconf 86' lang='lat' dir='ltr'><strong>these</strong></span> 
     </span>
     <span class='ocr_line' id='line_1_39' title="bbox 228 2690 1810 2742; baseline -0.001 -10"><span class='ocrx_word' id='word_1_388' title='bbox 228 2692 476 2733; x_wconf 88' lang='lat' dir='ltr'><strong>boundaries.</strong></span> <span class='ocrx_word' id='word_1_389' title='bbox 545 2693 611 2728; x_wconf 92' lang='lat' dir='ltr'><strong>An</strong></span> <span class='ocrx_word' id='word_1_390' title='bbox 642 2690 798 2740; x_wconf 88' lang='lat' dir='ltr'><strong>inquiry</strong></span> <span class='ocrx_word' id='word_1_391' title='bbox 827 2690 859 2728; x_wconf 88' lang='lat' dir='ltr'><strong>is</strong></span> <span class='ocrx_word' id='word_1_392' title='bbox 890 2690 1079 2737; x_wconf 89' lang='lat' dir='ltr'><strong>directed,</strong></span> <span class='ocrx_word' id='word_1_393' title='bbox 1113 2691 1184 2729; x_wconf 91' lang='lat' dir='ltr'><strong>but</strong></span> <span class='ocrx_word' id='word_1_394' title='bbox 1211 2690 1244 2729; x_wconf 90' lang='lat' dir='ltr'><strong>is</strong></span> <span class='ocrx_word' id='word_1_395' title='bbox 1275 2691 1450 2741; x_wconf 91' lang='lat' dir='ltr'><strong>respited</strong></span> <span class='ocrx_word' id='word_1_396' title='bbox 1483 2691 1585 2730; x_wconf 90' lang='lat' dir='ltr'><strong>until</strong></span> <span class='ocrx_word' id='word_1_397' title='bbox 1621 2693 1810 2742; x_wconf 88' lang='lat' dir='ltr'><strong>Monday,</strong></span> 
     </span>
     <span class='ocr_line' id='line_1_40' title="bbox 231 2754 1813 2807; baseline -0.002 -10"><span class='ocrx_word' id='word_1_398' title='bbox 231 2773 278 2797; x_wconf 90' lang='lat'><strong>22</strong></span> <span class='ocrx_word' id='word_1_399' title='bbox 301 2760 421 2807; x_wconf 65' lang='lat' dir='ltr'><strong>Sept„</strong></span> <span class='ocrx_word' id='word_1_400' title='bbox 448 2768 560 2806; x_wconf 83' lang='lat'>1337,</span> <span class='ocrx_word' id='word_1_401' title='bbox 584 2756 754 2794; x_wconf 88' lang='lat' dir='ltr'><strong>because</strong></span> <span class='ocrx_word' id='word_1_402' title='bbox 783 2756 851 2794; x_wconf 90' lang='lat' dir='ltr'><strong>the</strong></span> <span class='ocrx_word' id='word_1_403' title='bbox 883 2756 980 2804; x_wconf 89' lang='lat' dir='ltr'><strong>Jury</strong></span> <span class='ocrx_word' id='word_1_404' title='bbox 1000 2754 1128 2794; x_wconf 86' lang='lat' dir='ltr'><strong>desire</strong></span> <span class='ocrx_word' id='word_1_405' title='bbox 1156 2762 1198 2794; x_wconf 93' lang='lat' dir='ltr'><strong>to</strong></span> <span class='ocrx_word' id='word_1_406' title='bbox 1228 2756 1330 2794; x_wconf 90' lang='lat' dir='ltr'><strong>have</strong></span> <span class='ocrx_word' id='word_1_407' title='bbox 1359 2769 1382 2793; x_wconf 94' lang='lat' dir='ltr'><strong>a</strong></span> <span class='ocrx_word' id='word_1_408' title='bbox 1409 2756 1505 2795; x_wconf 92' lang='lat' dir='ltr'><strong>view</strong></span> <span class='ocrx_word' id='word_1_409' title='bbox 1527 2757 1661 2795; x_wconf 89' lang='lat' dir='ltr'><strong>before</strong></span> <span class='ocrx_word' id='word_1_410' title='bbox 1682 2756 1813 2807; x_wconf 88' lang='lat' dir='ltr'><strong>giving</strong></span> 
     </span>
     <span class='ocr_line' id='line_1_41' title="bbox 228 2819 1812 2869; baseline -0.001 -7"><span class='ocrx_word' id='word_1_411' title='bbox 228 2822 329 2862; x_wconf 85' lang='lat' dir='ltr'><strong>their</strong></span> <span class='ocrx_word' id='word_1_412' title='bbox 366 2821 527 2869; x_wconf 91' lang='lat' dir='ltr'><strong>verdict‚</strong></span> <span class='ocrx_word' id='word_1_413' title='bbox 567 2833 620 2858; x_wconf 91' lang='lat' dir='ltr'><strong>on</strong></span> <span class='ocrx_word' id='word_1_414' title='bbox 658 2819 785 2859; x_wconf 91' lang='lat' dir='ltr'><strong>which</strong></span> <span class='ocrx_word' id='word_1_415' title='bbox 823 2820 901 2869; x_wconf 92' lang='lat' dir='ltr'><strong>day</strong></span> <span class='ocrx_word' id='word_1_416' title='bbox 940 2819 1094 2858; x_wconf 89' lang='lat' dir='ltr'><strong>Gilbert</strong></span> <span class='ocrx_word' id='word_1_417' title='bbox 1140 2833 1305 2869; x_wconf 89' lang='lat' dir='ltr'><strong>appears</strong></span> <span class='ocrx_word' id='word_1_418' title='bbox 1352 2821 1488 2860; x_wconf 91' lang='lat' dir='ltr'><strong>before</strong></span> <span class='ocrx_word' id='word_1_419' title='bbox 1535 2821 1714 2860; x_wconf 90' lang='lat' dir='ltr'><strong>Richard</strong></span> <span class='ocrx_word' id='word_1_420' title='bbox 1761 2822 1812 2860; x_wconf 90' lang='lat' dir='ltr'><strong>de</strong></span> 
     </span>
     <span class='ocr_line' id='line_1_42' title="bbox 228 2884 1811 2937; baseline -0.001 -12"><span class='ocrx_word' id='word_1_421' title='bbox 228 2887 481 2937; x_wconf 91' lang='lat' dir='ltr'><strong>Willoughby</strong></span> <span class='ocrx_word' id='word_1_422' title='bbox 510 2886 590 2924; x_wconf 86' lang='lat' dir='ltr'><strong>and</strong></span> <span class='ocrx_word' id='word_1_423' title='bbox 627 2886 733 2935; x_wconf 85' lang='lat' dir='ltr'><strong>John</strong></span> <span class='ocrx_word' id='word_1_424' title='bbox 772 2886 823 2924; x_wconf 91' lang='lat' dir='ltr'><strong>de</strong></span> <span class='ocrx_word' id='word_1_425' title='bbox 864 2886 1085 2934; x_wconf 87' lang='lat' dir='ltr'><strong>Hambury,</strong></span> <span class='ocrx_word' id='word_1_426' title='bbox 1126 2885 1177 2934; x_wconf 91' lang='lat' dir='ltr'><strong>by</strong></span> <span class='ocrx_word' id='word_1_427' title='bbox 1215 2884 1392 2924; x_wconf 89' lang='lat' dir='ltr'><strong>Richard</strong></span> <span class='ocrx_word' id='word_1_428' title='bbox 1431 2886 1482 2925; x_wconf 91' lang='lat' dir='ltr'><strong>de</strong></span> <span class='ocrx_word' id='word_1_429' title='bbox 1521 2887 1709 2933; x_wconf 86' lang='lat' dir='ltr'><strong>Naulton,</strong></span> <span class='ocrx_word' id='word_1_430' title='bbox 1750 2885 1811 2924; x_wconf 91' lang='lat' dir='ltr'><strong>his</strong></span> 
     </span>
     <span class='ocr_line' id='line_1_43' title="bbox 227 2948 1810 3001; baseline -0.001 -11"><span class='ocrx_word' id='word_1_431' title='bbox 227 2959 418 3001; x_wconf 88' lang='lat' dir='ltr'><strong>attorney‚</strong></span> <span class='ocrx_word' id='word_1_432' title='bbox 440 2952 520 2989; x_wconf 91' lang='lat' dir='ltr'><strong>and</strong></span> <span class='ocrx_word' id='word_1_433' title='bbox 548 2951 616 2989; x_wconf 91' lang='lat' dir='ltr'><strong>the</strong></span> <span class='ocrx_word' id='word_1_434' title='bbox 648 2951 744 3001; x_wconf 90' lang='lat' dir='ltr'><strong>Jury</strong></span> <span class='ocrx_word' id='word_1_435' title='bbox 777 2949 921 3000; x_wconf 86' lang='lat' dir='ltr'><strong>having</strong></span> <span class='ocrx_word' id='word_1_436' title='bbox 949 2948 1065 2998; x_wconf 90' lang='lat' dir='ltr'><strong>given</strong></span> <span class='ocrx_word' id='word_1_437' title='bbox 1095 2948 1195 2988; x_wconf 91' lang='lat' dir='ltr'><strong>their</strong></span> <span class='ocrx_word' id='word_1_438' title='bbox 1225 2949 1375 2989; x_wconf 86' lang='lat' dir='ltr'><strong>verdict</strong></span> <span class='ocrx_word' id='word_1_439' title='bbox 1408 2950 1448 2988; x_wconf 87' lang='lat' dir='ltr'><strong>in</strong></span> <span class='ocrx_word' id='word_1_440' title='bbox 1478 2950 1538 2989; x_wconf 89' lang='lat' dir='ltr'><strong>his</strong></span> <span class='ocrx_word' id='word_1_441' title='bbox 1572 2952 1718 2998; x_wconf 88' lang='lat' dir='ltr'><strong>favour,</strong></span> <span class='ocrx_word' id='word_1_442' title='bbox 1749 2949 1810 2988; x_wconf 90' lang='lat' dir='ltr'><strong>his</strong></span> 
     </span>
     <span class='ocr_line' id='line_1_44' title="bbox 225 3011 591 3054; baseline 0 0"><span class='ocrx_word' id='word_1_443' title='bbox 225 3011 341 3054; x_wconf 84' lang='lat' dir='ltr'><strong>claim</strong></span> <span class='ocrx_word' id='word_1_444' title='bbox 362 3016 393 3054; x_wconf 92' lang='lat' dir='ltr'><strong>is</strong></span> <span class='ocrx_word' id='word_1_445' title='bbox 414 3016 591 3054; x_wconf 87' lang='lat' dir='ltr'><strong>allowed.</strong></span> 
     </span>
    </p>
   </div>
  </div>
 </body>
</html>
