2044 3491
230 222 307 273 138
588 229 762 262 DUCHY
794 229 854 261 OF
888 229 1179 261 LANCASTER
1211 230 1446 262 RECORDS.

223 329 432 379 Hambury
450 327 673 378 justiciariis
703 335 777 375 etc,
810 327 918 366 venit
947 327 1149 377 predictus
1167 329 1304 367 Abbas
1333 341 1404 378 per
1432 334 1671 366 attornatum
1693 338 1808 365 suum

221 402 261 432 et
290 407 407 443 super
427 395 503 432 hoc
523 394 637 432 datus
659 400 717 431 est
738 392 793 431 eis
816 391 849 444 [?
862 390 914 444 ei]
937 392 1020 430 dies
1054 392 1118 430 hic
1147 393 1212 431 die
1244 392 1383 431 Martis
1405 391 1585 441 proximo
1620 398 1711 441 post
1731 398 1810 429 tres

222 459 464 508 septimanas
487 458 621 497 Sancti
652 457 861 496 Michaelis
883 459 933 496 de
953 457 1154 496 audiendo
1175 457 1269 496 inde
1288 457 1439 507 judicio
1461 470 1544 495 suo.
1604 457 1670 494 Ad
1691 469 1812 506 quem

223 523 328 563 diem
352 525 460 573 apud
481 523 677 573 Pikeryng
697 536 829 561 coram
861 522 1018 571 prefatis
1049 523 1223 561 Ricardo
1253 524 1304 561 de
1324 522 1538 571 Wilughby
1558 528 1597 559 et
1626 522 1812 570 Johanne

224 590 275 628 de
297 589 548 628 Shardelowe
569 587 677 626 venit
706 587 906 637 predictus
927 588 1065 625 Abbas
1099 599 1169 636 per
1202 593 1441 624 attornatum
1476 599 1602 632 suum,
1626 592 1664 624 et
1694 598 1812 634 super

223 654 301 692 hoc
321 654 436 692 datus
467 660 526 691 est
559 653 614 691 eis
644 652 729 691 dies
764 651 827 689 hic
861 651 926 690 die
960 651 1070 701 Jovis
1103 654 1285 700 proximo
1314 657 1403 700 post
1435 651 1597 688 octabas
1630 649 1815 687 Purifica-

223 717 349 756 cionis
381 718 496 756 beate
531 716 659 755 Marie
678 717 744 755 rde
775 715 928 765 judicio
963 729 1034 755 suo
1066 715 1162 754 inde
1193 715 1405 754 audiendo.
1465 715 1531 753 Ad
1565 728 1684 764 quem
1706 714 1812 752 diem

223 783 331 831 apud
352 781 547 831 Pikeryng
567 794 700 819 coram
733 779 914 829 predicto
943 781 1127 830 Johanne
1162 781 1212 819 (16
1245 780 1456 829 Hambury
1478 779 1584 817 venit
1614 778 1812 816 Ricardus

224 847 332 885 dela
353 847 448 884 Pole
469 853 507 884 et
537 845 697 894 protulit
726 846 844 883 breve
878 845 1032 883 domini
1067 844 1187 895 Regis
1219 853 1370 894 patens,
1400 845 1510 894 quod
1541 843 1635 882 alibi
1669 843 1809 880 irrotu-

223 914 336 959 latur,
358 925 426 961 per
446 913 555 962 quod
576 914 693 950 breve
727 911 913 950 dominus
946 913 1034 949 Rex
1066 909 1271 948 constituit
1302 909 1432 959 ipsum
1467 908 1686 946 Ricardum
1721 908 1812 945 1060

224 977 390 1027 predicti
410 977 603 1026 Johannis
625 977 676 1015 (16
696 977 948 1015 Shardelowe
980 976 1033 1014 ad
1063 974 1328 1013 itinerandum
1358 974 1399 1012 in
1430 975 1574 1012 foresta
1603 973 1676 1011 ista
1697 972 1815 1011 simul

223 1054 313 1079 cum
330 1040 415 1079 aliis
436 1040 677 1090 JusticiariiS,
695 1041 852 1078 duobus
873 1042 935 1079 vel
952 1052 1032 1078 uno
1054 1052 1202 1077 eorum.
1262 1038 1471 1077 Mandavit
1485 1038 1611 1076 eciam
1625 1037 1812 1076 dominus

223 1108 311 1145 Rex
342 1107 554 1156 'quoddam
595 1106 712 1144 breve
754 1106 934 1143 clausurn
972 1103 1131 1154 prefatis
1174 1103 1416 1152 Justiciariis,
1450 1104 1608 1141 duobus
1643 1104 1706 1141 vel
1745 1101 1814 1140 uni

223 1184 358 1210 eorum
379 1171 430 1209 de
459 1170 546 1219 ipso
577 1169 753 1208 Ricardo
775 1171 825 1208 de
845 1171 881 1208 la
903 1170 1000 1208 Pole
1032 1169 1071 1207 111
1101 1167 1253 1206 socium
1284 1166 1408 1220 [loco]
1431 1167 1598 1217 predicti
1618 1166 1813 1217 Johannis

224 1237 276 1275 de
310 1237 560 1275 Shardelowe
593 1234 844 1274 admittendo
878 1235 989 1285 quod
1027 1232 1204 1272 similiter
1241 1232 1334 1270 alibi
1373 1232 1622 1271 irrotulatur:
1666 1232 1814 1271 virtute

223 1302 336 1350 cujus
384 1300 512 1339 brevis
551 1299 751 1349 predictus
798 1300 1002 1349 Johannes
1050 1299 1101 1337 de
1143 1299 1352 1347 Hambury
1389 1297 1549 1336 admisit
1586 1297 1811 1347 predictum

224 1365 440 1403 Ricardum
463 1365 514 1402 de
534 1366 571 1402 la
593 1365 689 1402 Pole
709 1365 800 1402 1060
824 1363 993 1413 predicti
1022 1362 1217 1413 Johannis
1247 1363 1297 1401 de
1327 1363 1577 1401 Shardelowe
1598 1362 1638 1400 in
1659 1361 1813 1400 socium

223 1430 276 1468 ad
310 1428 498 1479 premissa
534 1427 675 1481 [307b]
711 1427 894 1467 facienda
928 1436 1000 1466 etc.
1091 1430 1141 1466 Et
1179 1426 1379 1477 predictus
1419 1427 1555 1465 Abbas
1593 1427 1702 1466 venit
1741 1440 1811 1477 per

223 1501 463 1533 attornatum
486 1506 599 1532 suum
620 1508 627 1531 :
658 1500 697 1531 et
726 1494 842 1531 datus
863 1499 921 1531 est
953 1492 988 1531 ei
1018 1492 1102 1531 dies
1135 1492 1200 1530 hic
1232 1499 1305 1538 ete,
1329 1491 1395 1530 die
1417 1491 1604 1530 Mercurii
1629 1491 1808 1542 proximo

224 1567 315 1609 post
334 1560 476 1598 festum
499 1557 756 1596 Ascensionis
787 1557 950 1596 Domini
971 1558 1021 1596 de
1039 1556 1190 1607 judicio
1212 1570 1284 1595 suo
1306 1555 1345 1594 in
1366 1555 1442 1594 hac
1462 1564 1572 1606 parte
1593 1556 1808 1596 audiendo.

226 1624 293 1663 Ad
326 1637 446 1674 quem
481 1623 587 1661 diem
620 1624 778 1672 loquela
811 1621 989 1672 predicta
1026 1620 1213 1660 remansit
1252 1620 1336 1659 sine
1375 1620 1440 1660 die
1479 1634 1550 1671 per
1587 1621 1812 1660 absenciam

227 1688 539 1739 Justiciariorum
563 1695 635 1726 ete.
695 1689 838 1725 Postea
854 1687 1039 1726 dominus
1059 1688 1147 1725 Rex
1167 1686 1370 1724 mandavit
1389 1688 1543 1736 prefato
1565 1687 1741 1725 Ricardo
1764 1688 1815 1726 de

225 1754 457 1803 Wylughby,
481 1753 661 1791 Roberto
683 1753 733 1790 de
755 1752 1025 1802 Hungerford,
1060 1752 1245 1800 Johanne
1265 1752 1316 1789 de
1338 1751 1548 1801 Hambury
1570 1758 1608 1790 et
1635 1751 1813 1790 Ricardo

227 1819 336 1857 dela
357 1819 454 1857 Pole
487 1819 606 1856 breve
641 1830 754 1855 suum
789 1818 840 1856 de
868 1816 1007 1855 itinere
1041 1815 1220 1866 predicto
1241 1817 1491 1863 resumendo,
1515 1817 1623 1866 quod
1651 1817 1812 1867 quidem

227 1885 345 1922 breve
375 1882 468 1922 alibi
500 1882 541 1920 in
574 1882 650 1920 isto
684 1881 822 1920 itinere
853 1881 1100 1920 irrotulatur:
1131 1880 1185 1919 ita
1219 1882 1329 1930 quod
1358 1880 1503 1930 placita
1532 1889 1571 1920 et
1604 1895 1813 1931 processus

228 1949 407 1998 ejusdem
441 1946 589 1986 itineris
619 1946 806 1985 inchoata
834 1954 872 1985 et
901 1959 983 1984 non
1013 1945 1189 1984 discussa
1223 1952 1355 1984 essent
1384 1945 1448 1983 hic
1482 1947 1533 1984 ad
1567 1946 1674 1984 hunc
1708 1946 1815 1985 diem

228 2020 300 2059 etc,
332 2012 482 2050 scilicet
512 2011 577 2050 die
607 2013 722 2050 Lune
762 2010 942 2060 proximo
973 2017 1063 2060 post
1093 2011 1236 2048 festum
1271 2010 1405 2049 Sancti
1438 2012 1599 2049 Andree
1631 2011 1816 2061 Apostoli

227 2090 333 2116 anno
353 2076 462 2127 regni
482 2075 635 2115 domini
655 2075 776 2126 Regis
798 2088 904 2113 nunc
934 2074 1103 2121 decimo,
1126 2074 1167 2112 in
1199 2076 1342 2114 eodem
1374 2082 1476 2114 statu
1496 2075 1536 2113 in
1558 2089 1638 2126 quo
1659 2077 1817 2114 fuerunt

227 2142 406 2193 predicto
427 2141 492 2180 die
527 2140 714 2179 Mercurii
748 2147 838 2190 post
869 2141 1013 2178 festum
1043 2139 1301 2178 Ascensionis
1338 2139 1504 2178 Domini
1534 2140 1710 2189 proxime
1731 2154 1815 2190 pre—

228 2207 343 2246 terito
372 2207 480 2256 apud
510 2206 704 2255 Pikeryng
738 2219 819 2255 quo
858 2206 922 2244 die
960 2211 1233 2243 remanserunt
1272 2204 1357 2242 sine
1390 2204 1455 2243 die
1484 2218 1554 2255 per
1587 2205 1814 2244 absenciam

224 2347 278 2393 ’15
302 2344 409 2392 May,
435 2353 548 2392 1335,
569 2342 650 2380 and
679 2342 902 2380 afterwards
933 2340 1032 2379 until
1065 2341 1264 2391 Tuesday,
1296 2355 1342 2390 31
1379 2342 1564 2389 October,
1601 2354 1713 2392 1335,
1737 2343 1817 2381 and

228 2409 324 2447 then
344 2407 444 2445 until
463 2409 499 2445 Τ
502 2407 682 2455 hursday,
709 2417 753 2456 15
778 2406 988 2454 February,
1014 2406 1127 2453 1336,
1146 2405 1260 2443 when
1281 2405 1458 2444 Richard
1479 2407 1530 2444 de
1550 2407 1587 2444 la
1609 2408 1705 2445 Pole
1725 2420 1813 2455 was,

229 2485 272 2511 as
293 2472 421 2510 stated
440 2478 479 2510 at
499 2484 535 2520 p.
562 2482 621 2519 70,
643 2469 862 2520 appointed
882 2483 905 2507 a
923 2468 1074 2518 Justice
1103 2468 1144 2506 in
1172 2469 1239 2507 the
1260 2470 1372 2519 place
1393 2472 1438 2509 of
1452 2472 1558 2520 John
1579 2472 1630 2510 de
1651 2473 1817 2510 Sharde-

228 2537 337 2575 lowe.
396 2537 612 2585 Judgment
631 2548 708 2574 was
737 2535 833 2573 then
863 2534 1046 2573 reserved
1079 2533 1179 2572 until
1207 2534 1471 2584 Wednesday‚
1496 2549 1542 2572 22
1567 2537 1672 2584 May,
1700 2537 1814 2585 1336,

230 2614 283 2640 on
302 2599 429 2639 which
450 2602 525 2650 day
555 2601 605 2638 all
634 2600 702 2638 the
735 2600 842 2649 pleas
876 2599 957 2637 and
986 2599 1101 2637 other
1135 2598 1394 2649 proceedings
1428 2601 1574 2639 abated
1604 2599 1645 2638 in
1679 2613 1818 2640 conse-

231 2677 386 2715 quence
407 2664 450 2703 of
466 2665 533 2703 the
553 2665 724 2703 absence
745 2665 790 2702 of
805 2664 857 2701 all
877 2664 944 2702 the
965 2662 1148 2713 Justices.

282 2729 519 2768 Afterwards
549 2729 616 2766 the
651 2728 771 2778 King,
793 2741 835 2766 as
867 2729 996 2766 stated
1025 2734 1064 2766 at
1097 2740 1133 2777 p.
1173 2738 1233 2775 71,
1265 2727 1442 2766 directed
1471 2729 1539 2767 the
1569 2730 1672 2777 Eyre
1701 2736 1742 2767 to
1764 2730 1814 2768 be

230 2792 401 2841 revived‚
423 2794 503 2831 and
523 2793 590 2831 the
610 2792 747 2831 Abbot
760 2805 836 2831 was
857 2792 1096 2830 summoned
1117 2804 1170 2830 on
1187 2793 1376 2842 Monday,
1398 2807 1417 2830 2
1441 2795 1676 2842 December,
1700 2808 1716 2832 1
1723 2808 1744 2843 3
1751 2797 1812 2843 36.

231 2859 450 2908 Judgment
469 2870 545 2897 was
566 2858 662 2896 then
682 2857 798 2907 given
817 2857 914 2904 that,
946 2856 1090 2906 having
1122 2857 1260 2905 regard
1289 2863 1330 2895 to
1359 2858 1427 2895 the
1446 2857 1669 2907 quittances
1688 2858 1815 2897 which

229 2922 297 2961 the
317 2923 454 2961 Abbot
474 2923 553 2960 and
582 2921 642 2959 his
671 2922 947 2971 predecessors
978 2921 1059 2959 had
1097 2921 1268 2970 enjoyed
1307 2922 1357 2970 by
1386 2921 1511 2960 virtue
1545 2923 1591 2961 of
1616 2923 1683 2961 the
1702 2930 1815 2972 grant

229 2987 330 3024 from
351 2985 461 3036 King
482 2988 622 3035 Henry
643 2987 713 3034 ΙΙ.,
734 2985 775 3023 in
795 2986 863 3024 the
883 2991 1001 3023 waste
1034 2986 1115 3024 and
1148 2993 1307 3035 pasture
1336 2987 1509 3025 beneath
1530 2986 1748 3036 Pickering,
1773 2987 1815 3025 in

230 3049 356 3088 which
376 3051 443 3089 the
464 3063 619 3089 mauors
639 3063 705 3089 are
725 3049 907 3097 situated‚
930 3051 1010 3089 and
1039 3049 1183 3101 having
1211 3052 1347 3101 regard
1369 3058 1410 3090 to
1431 3052 1498 3091 the
1519 3052 1598 3090 fact
1618 3052 1702 3091 that
1723 3052 1815 3101 they
