2044 3491
305 214 356 255 16
668 221 842 255 DUCHY
873 221 934 254 OF
967 219 1259 253 LANCASTER
1291 218 1527 251 RECORDs.

303 321 494 362 Shirburn
528 328 634 361 extra
669 323 865 369 forestam,
903 328 940 360 et
977 321 1085 370 quod
1116 320 1322 369 Johannes
1356 319 1452 357 Bele
1481 318 1532 356 de
1561 316 1897 355 Westheselarton

303 387 466 426 extraxit
503 386 759 426 maeremium
799 386 1007 436 cujusdam
1046 384 1205 435 grangie
1253 383 1293 421 in
1333 383 1539 433 Pykeryng
1578 393 1656 431 que
1695 386 1753 418 est
1791 378 1893 416 infra

304 454 490 491 forestam
511 465 636 502 usque
655 452 994 490 Westheselarton
1015 457 1122 488 extra
1142 450 1341 494 forestam,
1363 454 1401 486 et
1431 447 1540 497 quod
1562 445 1668 484 idem
1687 444 1892 494 Johannes

306 518 357 556 de
413 517 604 556 Shirburn
653 522 691 555 et
748 516 925 554 Thomas
975 516 1067 553 Bret
1115 512 1292 552 similiter
1340 517 1588 550 extraxerunt
1635 507 1894 548 maeremium

307 583 514 632 cujusdam
543 582 686 620 domus
716 581 822 630 apud
847 579 1054 629 *Pikeryng
1085 578 1184 616 infra
1212 576 1355 616 limites
1385 577 1529 614 foreste
1550 587 1676 624 usque
1707 572 1897 612 Shirburn

308 655 415 686 extra
435 648 620 686 forestam
650 646 701 684 ad
731 646 951 694 dampnum
982 642 1133 682 domini
1162 650 1201 681 et
1230 649 1367 680 contra
1396 639 1559 679 assisam
1581 640 1734 678 foreste.
1795 638 1895 676 Ideo

306 719 538 762 preceptum
560 718 618 750 est
637 708 862 748 vicecomiti
883 708 993 759 quod
1012 707 1146 746 venire
1167 707 1283 745 faciat
1310 719 1378 745 eos
1409 713 1481 744 ete.
1544 706 1687 743 Postea
1706 709 1900 742 venerunt

306 776 472 828 predicti
493 777 696 826 Johannes
726 775 777 813 de
808 773 1007 820 Shirburn,
1032 773 1234 822 Johannes
1266 772 1362 809 Bele
1392 777 1430 808 et
1454 770 1645 816 Thomas,
1671 775 1708 807 et
1730 766 1900 817 quilibet

305 855 440 881 eorum
458 841 550 880 fecit
572 842 692 879 finem
713 853 785 890 pro
799 852 840 878 se
860 851 952 877 cum
966 837 1130 876 domino
1148 843 1264 887 prout
1285 842 1392 886 patet
1412 834 1453 872 in
1474 833 1612 873 rotulis
1630 834 1681 872 de
1698 831 1894 872 extractis,

310 907 411 946 Ideo
431 906 552 944 nichil
573 905 736 945 ulterius
757 905 807 943 de
829 904 895 943 eis.

364 971 493 1010 Iidem
521 969 639 1019 jurati
668 975 897 1019 presentant
926 968 1036 1018 quod
1068 966 1270 1005 Henricus
1302 965 1352 1004 de
1374 964 1628 1015 Hykkelyng,
1652 962 1901 1002 Senescallus

310 1036 467 1074 Thome
486 1035 609 1073 Wake
631 1035 682 1072 de
703 1034 828 1084 Lydel
849 1031 1001 1071 domini
1031 1032 1081 1070 de
1112 1032 1303 1080 Cropton‚
1326 1029 1437 1070 dedit
1467 1027 1625 1067 cuidam
1657 1026 1831 1077 Johanni
1852 1027 1903 1064 de

310 1099 550 1139 Monemuth
571 1100 671 1137 duos
692 1110 822 1136 ramos
843 1109 1062 1147 quercuum
1084 1095 1123 1133 in
1144 1097 1181 1134 le
1202 1095 1310 1133 Frith
1341 1094 1492 1143 absque
1521 1093 1686 1142 alicujus
1707 1089 1902 1130 forestarii

310 1164 588 1204 liberacionem
621 1162 655 1216 [?
674 1160 930 1214 liberacione]
961 1168 1099 1200 contra
1128 1159 1290 1198 assisam
1321 1160 1477 1197 foreste.
1538 1158 1638 1196 Ideo
1668 1163 1902 1207 preceptum

312 1237 370 1268 est
399 1227 624 1267 vicecomiti
659 1228 768 1277 quod
803 1226 935 1265 venire
969 1225 1086 1264 faciat
1126 1238 1215 1263 eum
1250 1232 1323 1263 etc.
1383 1225 1527 1262 Postea
1558 1221 1665 1261 venit
1703 1221 1903 1272 predictus

315 1293 516 1333 Henricus
537 1300 575 1332 et
597 1294 716 1331 finem
738 1291 829 1330 fecit
849 1304 941 1329 cum
962 1290 1126 1328 domino
1155 1302 1225 1340 per
1252 1287 1321 1327 xxd
1351 1295 1468 1338 prout
1497 1294 1604 1338 patet
1634 1286 1675 1325 in
1695 1285 1833 1325 rotulis
1854 1286 1904 1324 de

314 1357 502 1397 extractis.
565 1357 665 1395 Ideo
687 1355 807 1394 nichil
828 1354 988 1393 ulterius
1009 1356 1059 1394 de
1081 1368 1139 1393 eo.

369 1422 497 1461 Iidem
528 1420 646 1471 jurati
677 1427 907 1470 presentant
941 1421 1050 1469 quod
1084 1420 1300 1458 Willelmus
1335 1420 1386 1458 de
1421 1419 1602 1468 Shepley‚
1638 1420 1819 1467 Rogerus
1854 1417 1905 1455 de

315 1488 569 1534 Fissheburn,
593 1486 789 1524 Ricardus
812 1487 956 1535 Dayes,
978 1484 1196 1523 Willelmus
1213 1484 1263 1522 de
1277 1483 1529 1532 Fissheburn,
1546 1483 1724 1521 Thomas
1738 1482 1789 1520 de
1811 1482 1908 1519 Bos-

315 1554 436 1600 shale,
470 1551 666 1590 Ricardus
697 1551 908 1596 Cholman‚
942 1549 1246 1587 Bartholomeus
1267 1549 1317 1586 de
1348 1549 1562 1586 Flaucourt
1593 1544 1626 1598 [?
1647 1542 1904 1597 Fanacourt],

316 1617 514 1657 Galfridus
558 1617 610 1655 de
641 1615 875 1665 Lepyndon,
907 1615 1085 1652 Thomas
1115 1615 1281 1662 Sturmy,
1314 1610 1429 1665 [262]
1462 1612 1664 1650 Robcrtus
1699 1610 1905 1660 Tuphirst,

319 1683 495 1721 Michael
529 1679 782 1727 Forestarius,
819 1679 1036 1717 Willelmus
1069 1677 1171 1716 filius
1204 1679 1361 1717 Thome
1392 1679 1442 1716 de
1474 1678 1619 1727 Egton,
1641 1678 1820 1715 Thomas
1858 1676 1910 1714 de

320 1748 475 1798 Pykton
508 1754 546 1785 et
580 1746 782 1795 Johannes
815 1745 994 1782 Barbour
1024 1743 1061 1781 vi
1097 1750 1134 1781 et
1169 1742 1286 1781 armis
1318 1742 1611 1792 impediverunt
1639 1742 1911 1791 regardatores

319 1813 446 1850 facere
467 1811 673 1860 regardum
694 1822 807 1847 suum
827 1808 867 1846 in
887 1809 1032 1846 foresta
1053 1806 1230 1857 predicta
1260 1807 1299 1845 in
1330 1807 1544 1845 Ravenclif
1568 1806 1608 1844 in
1629 1807 1849 1856 dampnum
1872 1812 1910 1844 et

320 1883 594 1925 contemptum
633 1872 795 1912 domini.
857 1873 957 1911 Ideo
995 1879 1226 1922 preceptum
1267 1879 1325 1910 est
1362 1870 1587 1910 vicecomiti
1626 1871 1737 1921 quod
1775 1868 1911 1908 venire

322 2008 448 2046 house
477 2005 517 2044 in
548 2004 755 2053 Pickering
776 2002 910 2042 within
939 2003 1006 2040 the
1038 2003 1158 2040 forest
1192 2008 1233 2039 to
1268 2000 1458 2039 Shirburn
1479 1999 1643 2038 without
1677 2000 1744 2037 the
1778 1999 1910 2044 forest,

322 2073 402 2111 and
436 2071 542 2121 John
586 2070 682 2107 Beal
716 2069 760 2106 of
791 2070 899 2106 West
936 2067 1152 2105 Heslerton
1185 2066 1289 2104 drew
1322 2066 1390 2103 the
1424 2064 1567 2103 timber
1600 2064 1646 2102 of
1680 2077 1703 2101 a
1738 2064 1836 2101 barn
1871 2062 1911 2101 in

324 2135 531 2185 Pickering
570 2133 704 2172 within
741 2133 808 2171 the
847 2131 1086 2171 boundaries
1125 2132 1170 2169 of
1207 2130 1274 2168 the
1308 2131 1427 2168 forest
1466 2136 1507 2167 to
1542 2130 1652 2167 West
1692 2129 1911 2166 Heslerton

322 2201 485 2241 without
505 2201 572 2238 the
594 2201 724 2245 forest,
747 2198 827 2235 and
860 2198 967 2246 John
998 2196 1048 2234 de
1079 2195 1271 2234 Shirburn
1301 2195 1381 2232 and
1410 2194 1586 2232 Thomas
1618 2194 1712 2231 Bret
1741 2192 1913 2230 likewise

326 2267 430 2305 drew
451 2265 517 2303 the
537 2263 678 2302 timber
698 2263 744 2300 of
766 2275 789 2299 a
808 2261 934 2299 house
956 2267 995 2298 at
1025 2258 1233 2308 Pickering
1253 2257 1386 2296 within
1417 2258 1483 2296 the
1513 2257 1754 2296 boundaries
1775 2258 1820 2296 of
1845 2257 1913 2295 the

326 2332 446 2369 forest
465 2336 506 2367 to
527 2327 716 2366 Shirburn
735 2325 901 2363 without
922 2325 989 2362 the
1010 2324 1140 2370 forest,
1164 2322 1336 2371 injuring
1366 2322 1433 2360 the
1456 2323 1546 2359 Earl
1567 2323 1647 2360 and
1668 2330 1850 2370 contrary
1870 2329 1912 2359 to

327 2396 394 2434 the
414 2393 534 2432 assize
555 2393 599 2430 of
615 2392 681 2430 the
701 2392 830 2429 forest.
890 2390 1003 2438 They
1023 2401 1088 2426 are
1109 2387 1358 2433 summoned,
1381 2399 1539 2435 appear,
1561 2387 1639 2424 and
1662 2386 1760 2425 each
1777 2387 1915 2424 makes

327 2456 593 2509 composition
613 2469 654 2494 as
675 2467 840 2505 appears
861 2453 901 2491 in
921 2454 988 2492 the
1011 2454 1164 2490 Estreat
1186 2452 1309 2489 Rous.
1369 2450 1537 2488 Further
1566 2450 1829 2501 proceedings
1849 2464 1915 2490 are

330 2524 467 2573 stayed
488 2520 639 2571 against
660 2520 781 2558 them.

389 2589 528 2636 Henry
549 2586 599 2624 de
630 2583 833 2632 Hickhng,
857 2582 1021 2620 steward
1056 2588 1095 2620 to
1125 2581 1300 2619 Thomas
1330 2580 1454 2618 Wake
1483 2581 1528 2618 of
1554 2578 1707 2627 Liddel,
1739 2581 1846 2619 Lord
1875 2581 1920 2619 of

334 2654 524 2702 Cropton‚
546 2662 644 2700 gave
677 2655 752 2687 two
786 2648 862 2686 oak
892 2646 1083 2685 branches
1113 2652 1154 2683 to
1183 2657 1261 2683 one
1281 2645 1387 2694 John
1408 2645 1459 2683 de
1482 2645 1724 2682 Monmouth
1752 2643 1917 2683 without

334 2717 454 2766 livery
483 2716 528 2754 of
559 2714 626 2753 the
655 2714 836 2751 foresters
880 2717 1058 2759 contrary
1088 2716 1129 2748 to
1159 2710 1226 2747 the
1254 2708 1377 2748 assize
1418 2710 1464 2748 of
1500 2709 1568 2747 the
1596 2710 1726 2748 forest.
1788 2710 1855 2748 He
1884 2708 1916 2747 is

336 2780 587 2826 summoned,
609 2790 772 2828 appears
802 2777 881 2815 and
901 2776 1035 2813 makes
1057 2773 1321 2824 composition
1341 2775 1400 2812 for
1424 2781 1459 2812 1S
1480 2773 1523 2812 8d
1543 2787 1585 2812 as
1605 2787 1769 2824 appears
1790 2773 1830 2812 in
1850 2774 1917 2812 the

337 2848 491 2884 Estreat
512 2844 637 2882 Rolls.
695 2843 726 2879 F
731 2841 862 2879 urther
882 2838 1143 2889 proceedings
1163 2851 1230 2877 are
1251 2839 1388 2888 stayed
1408 2838 1558 2889 against
1579 2837 1673 2876 him.

392 2909 547 2948 Several
585 2919 678 2946 men
717 2905 884 2955 forcibly
918 2904 1106 2954 impeded
1140 2904 1207 2941 the
1245 2903 1446 2953 regarders
1485 2903 1585 2940 from
1619 2901 1781 2952 making
1818 2901 1920 2940 their

338 2974 476 3023 regard
497 2979 535 3010 at
557 2969 747 3010 Raincliff
769 2968 903 3009 within
924 2969 991 3007 the
1010 2969 1140 3014 forest,
1163 2968 1326 3017 thereby
1346 2965 1516 3016 injuring
1545 2967 1624 3005 and
1646 2965 1833 3015 insulting
1852 2966 1920 3003 the

339 3038 439 3076 Earl.
498 3037 611 3085 They
646 3047 710 3074 are
749 3033 988 3073 summoned
1027 3032 1106 3071 and
1139 3044 1296 3082 appear.
1355 3033 1489 3081 Roget
1527 3032 1579 3071 de
1614 3030 1808 3069 Fishburn
1840 3030 1920 3068 and
