2044 3491
223 250 305 292 134
586 245 758 278 DUCHY
790 244 851 276 OF
885 243 1177 276 LANCASTER
1209 243 1445 276 RECORDS.

219 346 396 397 redigere
433 351 473 384 et
510 356 738 392 excercere;
786 349 826 382 et
873 342 998 382 eciam
1046 342 1155 392 quod
1197 343 1327 380 nullus
1376 341 1553 380 minister
1598 347 1665 379 aut
1712 340 1809 379 alius

221 411 445 451 forestarius
466 423 508 449 se
529 409 743 460 quicquam
772 408 812 446 in
843 407 1025 446 maneriis
1045 406 1230 457 predictis
1251 406 1494 454 intromittat,
1516 405 1617 444 nisi÷÷
1651 413 1805 444 tantum

222 478 274 516 de
312 474 543 522 venacione‚
581 480 710 523 preter
745 472 876 522 ipsum
911 473 1111 510 Abbatem
1146 479 1184 510 et
1218 472 1415 510 ministros
1450 485 1565 519 suos;
1610 478 1648 510 et
1682 470 1808 510 eciam

222 540 387 591 agistare
406 553 477 589 pro
497 540 698 577 voluntate
719 550 789 575 sua
808 536 848 575 in
870 536 1053 575 maneriis
1083 537 1278 586 predictis.
1339 539 1389 575 Et
1423 538 1556 587 quoad
1589 537 1676 583 hoc,
1699 536 1809 585 quod

224 608 368 644 clamat
401 604 442 642 in
478 602 660 642 maneriis
699 602 777 641 suis
810 603 951 640 domos
992 609 1030 640 et
1068 601 1261 640 bercarias
1300 601 1494 649 edificare,
1535 608 1573 640 et
1612 608 1731 639 terras
1770 599 1811 637 in

224 670 408 722 predictis
430 668 610 707 maneriis
631 681 702 718 pro
721 669 924 706 voluntate
945 680 1015 705 sua
1034 666 1074 704 in
1095 668 1286 704 culturam
1315 666 1491 716 redigere
1522 673 1559 705 et
1592 678 1807 712 excercere,

225 735 298 787 (et)
320 735 414 774 dicit
435 734 544 784 quod
565 733 726 782 quidam
747 733 895 779 Abbas,
919 733 1172 782 predecessor
1193 744 1295 777 suus,
1319 731 1387 780 qui
1405 732 1487 779 jam
1514 730 1612 769 obiit
1641 731 1808 769 durante

225 800 364 839 itinere
385 799 471 847 isto,
494 797 615 839 aliast
643 796 775 847 posuit
796 796 981 835 clamium
1002 797 1222 847 predictum
1257 804 1295 834 et
1327 795 1445 844 dicit‡
1479 796 1588 845 quod
1622 795 1808 834 dominus

226 864 437 911 Henricus,
460 863 662 913 quondam
686 864 774 900 Rex
793 861 947 911 Anglie‚
969 861 1195 912 progenitor
1216 862 1369 901 domini
1398 862 1519 912 Regis
1551 875 1669 909 nunc,
1698 861 1809 900 dedit

228 937 267 969 et
305 937 413 968 carta
447 941 517 967 sua
555 926 802 965 confirmavit
842 928 932 965 Deo
971 933 1009 965 et
1041 928 1184 965 Sancte
1224 926 1351 966 Marie
1385 934 1423 965 et
1458 926 1636 965 Ecclesie
1657 939 1726 965 sue
1760 927 1812 964 de

225 994 405 1034 Rievalle
444 1000 483 1032 et
518 990 729 1030 Monachis
763 990 912 1029 ibidem
952 992 1042 1029 Deo
1073 990 1333 1030 servientibus
1371 1004 1443 1040 pro
1482 990 1613 1029 anima
1649 990 1809 1041 gloriosi

225 1059 347 1108 Regis
371 1056 549 1104 Henrici,
571 1056 632 1095 avi
653 1055 723 1103 sui,
748 1063 785 1094 et
805 1068 876 1104 pro
896 1054 1028 1093 anima
1048 1055 1167 1105 patris
1188 1056 1248 1094 sui
1269 1063 1307 1094 et
1328 1056 1460 1094 matris
1482 1069 1552 1094 sue
1578 1063 1616 1094 et
1648 1057 1809 1094 fratrum

225 1135 385 1162 suorum
408 1121 462 1173 (et
483 1128 683 1171 pasturam
705 1120 842 1158 subtus
864 1119 1059 1169 Pikeryng
1079 1133 1169 1158 curn
1191 1119 1443 1170 pertinenciis
1470 1119 1589 1171 suis)§
1623 1127 1660 1159 et
1680 1119 1813 1158 anime

225 1201 295 1227 sue
315 1195 354 1226 et
375 1186 545 1225 filiorum
577 1198 738 1223 suorum
773 1183 814 1222 in
847 1183 1010 1223 liberam
1044 1198 1182 1234 puram
1218 1191 1256 1223 et
1290 1192 1520 1234 perpetuam
1553 1184 1809 1223 elemosinam

224 1260 353 1292 toturn
409 1258 564 1290 vastum
611 1263 726 1288 suurn
774 1256 813 1287 et
860 1256 985 1287 totam
1032 1257 1230 1299 pasturam
1279 1251 1415 1288 subtus
1463 1250 1660 1300 Pikeryng
1720 1263 1811 1288 cum

224 1316 477 1369 pertinenciis
498 1315 588 1364 suis,
612 1315 651 1353 in
673 1327 753 1364 quo
774 1313 935 1363 quidem
956 1322 1066 1353 vasto
1096 1314 1271 1353 maneria
1300 1314 1477 1364 predicta
1511 1316 1633 1353 modo
1665 1313 1809 1353 situata

225 1390 327 1430 sunt,
350 1382 390 1420 in
424 1380 544 1432 pratis
578 1387 617 1419 et
649 1378 828 1429 pasturis,
851 1378 892 1416 in
925 1379 1037 1429 aquis
1071 1387 1110 1418 et
1144 1378 1318 1429 piscariis
1353 1386 1390 1418 et
1425 1379 1674 1427 molendinis,
1697 1387 1736 1418 et
1770 1379 1810 1418 in

224 1447 409 1487 omnibus
447 1445 531 1485 aliis
569 1447 696 1492 rebus,
727 1457 796 1494 per
829 1451 953 1482 certas
1006 1452 1131 1483 metas
1170 1444 1210 1482 in
1249 1445 1390 1483 eadem
1438 1451 1542 1482 carta
1579 1452 1811 1493 contentas3

224 1512 419 1552 concessit
440 1510 566 1550 eciam
600 1510 710 1560 quod
747 1508 847 1547 infra
875 1507 979 1558 ipsas
1009 1508 1152 1547 divisas
1187 1510 1330 1547 domos
1365 1516 1403 1547 et
1434 1509 1626 1547 bercarias
1660 1509 1811 1548 ibidem

225 1578 411 1617 edificent
431 1583 469 1615 et
489 1583 632 1614 terram
653 1587 764 1613 suam
784 1573 932 1611 ibidem
963 1574 1092 1612 colere
1113 1580 1151 1612 et
1172 1586 1376 1612 excercere
1396 1587 1466 1624 pro
1496 1575 1698 1612 voluntate
1727 1587 1807 1620 sua,

225 1650 265 1682 et
285 1641 482 1693 pretendit
501 1642 580 1679 hoc
608 1639 808 1678 verificare
842 1644 956 1688 prout
989 1638 1108 1678 Curia
1141 1638 1458 1686 consideraverit,
1481 1645 1519 1677 et
1550 1640 1808 1688 postmodum

228 1721 299 1759 per
317 1706 516 1745 ministros
536 1703 656 1755 ipsius
678 1705 821 1742 foreste
841 1709 1087 1752 compertum
1107 1700 1177 1739 fuit
1197 1702 1307 1751 quod
1327 1700 1433 1739 idern
1455 1701 1591 1740 Abbas
1613 1709 1651 1740 et
1672 1714 1811 1739 omnes

232 1772 531 1822 predecessores
552 1767 612 1807 sui
630 1767 708 1806 loci
729 1765 895 1817 predicti
929 1778 1084 1815 semper
1114 1779 1137 1804 a
1171 1773 1348 1816 tempore
1383 1766 1615 1805 donacionis
1650 1774 1689 1805 et
1722 1779 1816 1804 con-

234 1834 473 1876 firmacionis
489 1841 595 1873 carte
615 1832 802 1883 predicte,
824 1830 964 1869 virtute
984 1830 1172 1880 ejusdem,
1195 1831 1255 1870 usi
1289 1833 1444 1870 fuerunt
1477 1830 1571 1884 [306
1593 1830 1635 1884 b]
1669 1832 1812 1870 domos

234 1910 272 1941 et
292 1900 485 1940 bercarias
505 1899 654 1938 ibidem
675 1897 859 1936 edificare
880 1902 918 1934 et
939 1903 1078 1934 terram
1099 1908 1210 1933 suam
1230 1896 1379 1934 ibidem
1399 1897 1528 1935 colere
1548 1904 1586 1935 et
1607 1909 1812 1935 excercere

230 1980 302 2018 pro
339 1967 542 2005 voluntate
581 1976 661 2009 sua,
698 1975 767 2012 per
795 1961 904 2011 quod
934 1959 1228 1999 consideratum
1266 1960 1338 1998 fuit
1377 1961 1485 2010 quod
1523 1960 1629 1999 idern
1673 1963 1811 2000 Abbas

227 2098 389 2136 forester
409 2108 452 2134 or
472 2095 585 2133 other
605 2093 747 2139 officer,
769 2091 840 2130 but
869 2091 961 2139 only
990 2090 1057 2128 the
1088 2089 1224 2127 Abbot
1259 2089 1338 2127 and
1369 2088 1429 2127 his
1465 2090 1626 2137 officers,
1649 2090 1718 2129 has
1739 2103 1814 2140 any

226 2162 329 2212 right
348 2169 389 2200 to
409 2159 670 2198 intermeddle
691 2156 904 2202 therewith,
928 2161 1067 2204 except
1099 2155 1190 2204 only
1219 2153 1311 2192 with
1345 2155 1485 2203 regard
1515 2161 1556 2193 to
1591 2168 1705 2205 game
1721 2170 1732 2205 3
1763 2157 1813 2195 he

227 2225 401 2266 likewise
429 2224 564 2263 claims
594 2224 661 2261 the
691 2222 795 2272 right
825 2222 869 2259 of
897 2219 1074 2270 agisting.
1135 2221 1203 2258 He
1234 2231 1320 2268 says
1352 2219 1436 2257 that
1468 2219 1528 2257 his
1547 2221 1814 2269 predecessor,

228 2293 317 2331 who
336 2290 430 2329 died
450 2289 558 2328 since
592 2289 659 2325 the
690 2291 1036 2325 commencement
1071 2285 1116 2322 of
1144 2284 1211 2322 the
1233 2285 1346 2332 Eyre,
1370 2296 1422 2321 on
1442 2285 1608 2323 another
1628 2285 1814 2324 occasion

229 2356 348 2395 made
384 2353 444 2392 his
482 2351 598 2391 claim
633 2364 685 2390 on
728 2351 795 2389 the
833 2349 988 2399 ground
1026 2349 1110 2386 that
1150 2347 1258 2397 King
1298 2350 1438 2398 Henry
1477 2350 1532 2387 II.
1572 2352 1737 2399 granted
1775 2351 1815 2389 in

231 2418 519 2468 frankalmoign
548 2424 588 2456 to
626 2416 694 2454 the
724 2414 885 2455 Church
924 2414 970 2452 of
1002 2413 1055 2451 St.
1097 2414 1212 2461 Mary
1244 2413 1324 2450 and
1357 2413 1499 2451 monks
1539 2415 1584 2452 of
1612 2414 1816 2464 Rievaulx,

231 2488 291 2526 for
310 2487 378 2524 the
411 2484 517 2522 souls
551 2483 596 2520 of
619 2481 679 2518 his
708 2479 959 2530 grandfather
979 2479 1119 2526 Henry
1140 2479 1170 2515 Ι.
1208 2478 1288 2516 and
1322 2478 1367 2516 of
1395 2478 1562 2526 himself,
1584 2478 1645 2518 his
1679 2481 1816 2528 father,

233 2551 400 2596 mother,
436 2548 615 2587 brothers
653 2547 733 2584 and
768 2557 871 2591 sons,
906 2544 974 2582 the
1008 2542 1136 2581 whole
1174 2549 1293 2580 waste
1330 2543 1411 2581 and
1449 2550 1655 2593 pasturage
1693 2546 1818 2583 below

235 2614 453 2663 Pickering,
484 2612 524 2650 in
544 2610 671 2650 which
693 2617 808 2649 waste
828 2610 895 2647 the
927 2607 1012 2646 said
1046 2619 1205 2645 manors
1236 2620 1301 2646 are
1331 2620 1418 2646 now
1438 2607 1618 2656 situated,
1641 2611 1821 2660 together

234 2680 326 2719 with
364 2679 432 2717 the
470 2676 679 2722 meadows,
719 2681 909 2724 pastures,
940 2679 1088 2718 waterS,
1128 2671 1302 2710 fisheries
1340 2673 1420 2711 and
1453 2672 1567 2720 mills,
1607 2675 1820 2725 according

233 2752 276 2784 to
306 2745 374 2783 the
402 2740 639 2782 boundaries
669 2738 855 2789 specified
883 2736 925 2774 in
954 2737 1021 2775 the
1041 2736 1145 2774 deed
1179 2737 1222 2774 of
1248 2735 1328 2786 gift.
1389 2738 1456 2775 He
1475 2738 1558 2775 also
1578 2739 1743 2788 granted
1777 2746 1818 2778 to

234 2811 342 2850 them
362 2810 429 2848 the
457 2806 559 2857 right
586 2803 721 2844 within
749 2804 861 2841 these
890 2799 1126 2840 boundaries
1154 2802 1196 2838 of
1223 2800 1401 2851 building
1420 2802 1563 2840 houses
1584 2804 1663 2841 and
1683 2804 1820 2853 sheep-

235 2876 339 2914 folds
368 2873 449 2912 and
482 2869 661 2920 bringing
691 2867 785 2906 land
819 2865 903 2904 into
937 2863 1166 2903 cultivation
1199 2871 1238 2903 at
1267 2865 1368 2904 their
1386 2867 1575 2916 pleasure.
1634 2868 1722 2907 The
1742 2869 1820 2907 late

281 2984 296 3000 *
321 2981 471 3013 Inserted
485 2980 531 3020 by
546 2989 566 3010 a
580 2977 663 3009 later
677 2975 778 3007 hand.
914 2972 932 3010 †
958 2974 993 3004 P.
1015 2981 1068 3012 90,
1087 2977 1173 3006 ante.
1308 2974 1329 3010 ‡
1351 2975 1456 3006 Dixit
1468 2975 1501 3007 in
1518 2976 1635 3008 Patent
1654 2977 1742 3009 ΚΘΗ,

278 3035 295 3072 ἓ
318 3034 359 3064 In
375 3033 431 3064 the
446 3031 568 3071 Duclzy
587 3029 730 3061 Couclzer
744 3027 799 3058 the
815 3025 907 3058 word
923 3030 1019 3056 vacat
1033 3025 1067 3056 in
1083 3035 1102 3056 a
1117 3025 1200 3057 later
1212 3024 1302 3057 hand
1318 3026 1345 3058 is
1361 3025 1491 3058 written
1502 3037 1580 3059 over
1592 3027 1683 3060 these
1695 3029 1813 3068 words,

236 3084 345 3117 which
360 3083 404 3115 do
420 3086 479 3114 not
494 3091 591 3114 occur
608 3081 641 3112 in
660 3080 716 3112 the
733 3080 852 3110 Patent
870 3077 973 3110 Rolls.
